@Article{OudomGuin,
	Author = {Oudom, J.-M. and Guin, D.},
	Title = {On the {Lie} enveloping algebra of a pre-{Lie} algebra},
	FJournal = {Journal of \(K\)-Theory},
	Journal = {J. \(K\)-Theory},
	ISSN = {1865-2433},
	Volume = {2},
	Number = {1},
	Pages = {147--167},
	Year = {2008},
	Language = {English},
	DOI = {10.1017/is008001011jkt037},
	Keywords = {17B35,17D25,16S30,16T05},
	zbMATH = {5356716},
	Zbl = {1178.17011}
}

@misc{Rahm,
	title={Planar Regularity Structures}, 
	author={Ludwig Rahm},
	year={2022},
	eprint={2212.04856},
	archivePrefix={arXiv},
}

@misc{PHCQMM,
	title={The {C}artier-{Q}uillen-{M}ilnor-{M}oore theorem in the Post-{H}opf case}, 
	author={Pierre Catoire},
	year={2024},
	eprint={2401.09116},
	archivePrefix={arXiv},
	primaryClass={math.CO}
}

@Article{Vallette,
	Author = {Vallette, Bruno},
	Title = {Homology of generalized partition posets},
	FJournal = {Journal of Pure and Applied Algebra},
	Journal = {J. Pure Appl. Algebra},
	ISSN = {0022-4049},
	Volume = {208},
	Number = {2},
	Pages = {699--725},
	Year = {2007},
	Language = {English},
	DOI = {10.1016/j.jpaa.2006.03.012},
	Keywords = {18D50,05E25,18G35,55U10},
	zbMATH = {5121405},
	Zbl = {1109.18002}
}

@misc{OEIS,
	Title = {The On-Line Encyclopedia of Integers Sequences},
	Author = {N. J. A. {Sloane}},
	Year = {1964},
	note = { available at https://oeis.org/A000108}
}

@book {CartierPatras,
	AUTHOR = {Cartier, Pierre and Patras, Fr\'{e}d\'{e}ric},
	TITLE = {Classical {H}opf algebras and their applications},
	SERIES = {Algebra and Applications},
	VOLUME = {29},
	PUBLISHER = {Springer, Cham},
	YEAR = {[2021] \copyright 2021},
	PAGES = {xv+268},
	ISBN = {978-3-030-77844-6; 978-3-030-77845-3},
	MRCLASS = {16T05 (16S30 16T15 16T30 16W10)},
	MRNUMBER = {4369962},
	MRREVIEWER = {Stefaan\ Caenepeel},
	DOI = {10.1007/978-3-030-77845-3},
	URL = {https://doi.org/10.1007/978-3-030-77845-3},
}

@article {May,
	AUTHOR = {May, J. Peter},
	TITLE = {Some remarks on the structure of {H}opf algebras},
	JOURNAL = {Proc. Amer. Math. Soc.},
	FJOURNAL = {Proceedings of the American Mathematical Society},
	VOLUME = {23},
	YEAR = {1969},
	PAGES = {708--713},
	ISSN = {0002-9939,1088-6826},
	MRCLASS = {18.20 (55.00)},
	MRNUMBER = {246938},
	MRREVIEWER = {K.-T.\ Chen},
	DOI = {10.2307/2036615},
	URL = {https://doi.org/10.2307/2036615},
}
@article {MilnorMoore,
	AUTHOR = {Milnor, John W. and Moore, John C.},
	TITLE = {On the structure of {H}opf algebras},
	JOURNAL = {Ann. of Math. (2)},
	FJOURNAL = {Annals of Mathematics. Second Series},
	VOLUME = {81},
	YEAR = {1965},
	PAGES = {211--264},
	ISSN = {0003-486X},
	MRCLASS = {55.40 (55.34)},
	MRNUMBER = {174052},
	MRREVIEWER = {I.\ M.\ James},
	DOI = {10.2307/1970615},
	URL = {https://doi.org/10.2307/1970615},
}
@Article{Grossman,
	Author = {Grossman, Robert and Larson, Richard G.},
	Title = {Hopf-algebraic structure of families of trees},
	FJournal = {Journal of Algebra},
	Journal = {J. Algebra},
	ISSN = {0021-8693},
	Volume = {126},
	Number = {1},
	Pages = {184--210},
	Year = {1989},
	Language = {English},
	DOI = {10.1016/0021-8693(89)90328-1},
	Keywords = {16W30,05C30},
	zbMATH = {4181567},
	Zbl = {0717.16029}
}

@Article{FreePL,
	Author = {Munthe-Kaas, Hans Z. and Lundervold, Alexander},
	Title = {On post-{Lie} algebras, {Lie}-{Butcher} series and moving frames},
	FJournal = {Foundations of Computational Mathematics},
	Journal = {Found. Comput. Math.},
	ISSN = {1615-3375},
	Volume = {13},
	Number = {4},
	Pages = {583--613},
	Year = {2013},
	Language = {English},
	DOI = {10.1007/s10208-013-9167-7},
	Keywords = {17A30,53A55,65L99},
	zbMATH = {6217382},
	Zbl = {1327.17001}
}

@InCollection{Reutenauer,
	Author = {Reutenauer, Christophe},
	Title = {Free {Lie} algebras},
	BookTitle = {Handbook of algebra. Volume 3},
	ISBN = {0-444-51264-0},
	Pages = {887--903},
	Year = {2003},
	Publisher = {Amsterdam: Elsevier},
	Language = {English},
	Keywords = {17B01},
	zbMATH = {2156381},
	Zbl = {1071.17003}
}

@InCollection{siso,
	Author = {Foissy, Lo{\"{\i}}c},
	Title = {Extension of the product of a post-{Lie} algebra and application to the {SISO} feedback transformation group},
	BookTitle = {Computation and combinatorics in dynamics, stochastics and control. The Abel symposium, Rosendal, Norway, August 16--19, 2016. Selected papers},
	ISBN = {978-3-030-01592-3; 978-3-030-01593-0},
	Pages = {369--399},
	Year = {2018},
	Publisher = {Cham: Springer},
	Language = {English},
	DOI = {10.1007/978-3-030-01593-0_13},
	Keywords = {17A30,17B30,17B99},
	zbMATH = {7040545},
	Zbl = {1446.17003}
}

@Article{LPostLie,
	Title = {Post-Hopf algebras, relative Rota-Baxter operators and solutions of the Yang-Baxter equation},
	Author = {Yunnan Li, Yunhe Sheng, Rong Tang},
	Year = {2022}
}

@Article{Postgroups,
Title = {Free Post-groups, Post-groups from group actions and Post-Lie algebras},
Author={Mahdi Jasim Hasan Al-Kaabi, Kurusch Ebrahimi-Fard, Dominique Manchon}
}

@Article{EnvPost,
	Author = {Ebrahimi-Fard, Kurusch and Lundervold, Alexander and Munthe-Kaas, Hans Z.},
	Title = {On the {Lie} enveloping algebra of a post-{Lie} algebra},
	FJournal = {Journal of Lie Theory},
	Journal = {J. Lie Theory},
	ISSN = {0949-5932},
	Volume = {25},
	Number = {4},
	Pages = {1139--1165},
	Year = {2015},
	Language = {English},
	Keywords = {17B35,16T30,17D25,22E05,65L06},
	URL = {www.heldermann.de/JLT/JLT25/JLT254/jlt25052.htm},
	zbMATH = {6556744},
	Zbl = {1360.17015}
}

@Article{leveledtrees,
	Author = {Palacios, Patricia and Ronco, Mar{\'{\i}}a O.},
	Title = {Weak {Bruhat} order on the set of faces of the permutohedron and the associahedron.},
	FJournal = {Journal of Algebra},
	Journal = {J. Algebra},
	ISSN = {0021-8693},
	Volume = {299},
	Number = {2},
	Pages = {648--678},
	Year = {2006},
	Language = {English},
	DOI = {10.1016/j.jalgebra.2005.09.042},
	Keywords = {16W30,06A07,05C05,05E15,06A11},
	zbMATH = {5043639},
	Zbl = {1110.16046}
}

@misc{Cat24CQMM,
	title={The Cartier-Quillen-Milnor-Moore theorem in the Post-Hopf case}, 
	author={Pierre Catoire},
	year={2024},
	eprint={2401.09116},
	archivePrefix={arXiv},
	primaryClass={math.CO},
	url={https://arxiv.org/abs/2401.09116}, 
}