@article {Abdulle08eoi,
    AUTHOR = {Abdulle, Assyr and Li, Tiejun and E, Weinan},
     TITLE = {Effectiveness of implicit methods for stiff stochastic
              differential equations},
   JOURNAL = {Commun. Comput. Phys.},
  FJOURNAL = {Communications in Computational Physics},
    VOLUME = {3},
      YEAR = {2008},
    NUMBER = {2},
     PAGES = {295--307},
      issn = {1815-2406},
   MRCLASS = {65C30 (60H10 60H35)},
  MRNUMBER = {2389802},
MRREVIEWER = {Angel Tocino}
}


@article {Abdulle12hwo,
    AUTHOR = {Abdulle, Assyr and Cohen, David and Vilmart, Gilles and
              Zygalakis, Konstantinos C.},
     TITLE = {High weak order methods for stochastic differential equations
              based on modified equations},
   JOURNAL = {SIAM J. Sci. Comput.},
  FJOURNAL = {SIAM Journal on Scientific Computing},
    VOLUME = {34},
      YEAR = {2012},
    NUMBER = {3},
     PAGES = {A1800--A1823},
      issn = {1064-8275},
   MRCLASS = {65C30 (60H35)},
  MRNUMBER = {2970274},
MRREVIEWER = {Tommi P. Sottinen},
       DOI = {10.1137/110846609},
       URL = {http://dx.doi.org/10.1137/110846609}
}


@article {Abdulle14hon,
    AUTHOR = {Abdulle, Assyr and Vilmart, Gilles and Zygalakis, Konstantinos C.},
     TITLE = {High order numerical approximation of the invariant measure of ergodic {SDE}s},
   JOURNAL = {SIAM J. Numer. Anal.},
  FJOURNAL = {SIAM Journal on Numerical Analysis},
    VOLUME = {52},
      YEAR = {2014},
    NUMBER = {4},
     PAGES = {1600--1622},
      issn = {0036-1429},
   MRCLASS = {65C30 (37M25 60H35)},
  MRNUMBER = {3229658},
MRREVIEWER = {Edward J. Allen},
       DOI = {10.1137/130935616},
       url = {http://dx.doi.org/10.1137/130935616}
}


@article {Abdulle15lta,
    AUTHOR = {Abdulle, Assyr and Vilmart, Gilles and Zygalakis, Konstantinos
              C.},
     TITLE = {Long time accuracy of {L}ie-{T}rotter splitting methods for
              {L}angevin dynamics},
   JOURNAL = {SIAM J. Numer. Anal.},
  FJOURNAL = {SIAM Journal on Numerical Analysis},
    VOLUME = {53},
      YEAR = {2015},
    NUMBER = {1},
     PAGES = {1--16},
      issn = {0036-1429},
   MRCLASS = {65C30 (37M25 60H35 82C31)},
  MRNUMBER = {3296612},
MRREVIEWER = {Marco P. Cabral},
       DOI = {10.1137/140962644},
       url = {http://dx.doi.org/10.1137/140962644}
}


@article{Abdulle17oes,
    AUTHOR = {Abdulle, Assyr and Almuslimani, Ibrahim and Vilmart, Gilles},
     TITLE = {Optimal explicit stabilized integrator of weak order 1 for
              stiff and ergodic stochastic differential equations},
   JOURNAL = {SIAM/ASA J. Uncertain. Quantif.},
  FJOURNAL = {SIAM/ASA Journal on Uncertainty Quantification},
    VOLUME = {6},
      YEAR = {2018},
    NUMBER = {2},
     PAGES = {937--964},
      issn = {2166-2525},
   MRCLASS = {65C30 (37M25 60H35 65L20)},
  MRNUMBER = {3815552},
       DOI = {10.1137/17M1145859},
       url = {https://doi.org/10.1137/17M1145859}
}


@article {Abdulle19act,
    AUTHOR = {Abdulle, Assyr and Pavliotis, Grigorios A. and Vilmart,
              Gilles},
     TITLE = {Accelerated convergence to equilibrium and reduced asymptotic
              variance for {L}angevin dynamics using {S}tratonovich
              perturbations},
   JOURNAL = {C. R. Math. Acad. Sci. Paris},
  FJOURNAL = {Comptes Rendus Math\'{e}matique. Acad\'{e}mie des Sciences. Paris},
    VOLUME = {357},
      YEAR = {2019},
    NUMBER = {4},
     PAGES = {349--354},
      issn = {1631-073X},
   MRCLASS = {60-08 (60J60 82C31)},
  MRNUMBER = {3955205},
       DOI = {10.1016/j.crma.2019.04.008},
       url = {https://doi.org/10.1016/j.crma.2019.04.008}
}


@article{Ableidinger17wsr,
  title={Weak stochastic {R}unge--{K}utta {M}unthe-{K}aas methods for finite spin ensembles},
  author={Ableidinger, M and Buckwar, E},
  journal={Applied Numerical Mathematics},
  volume={118},
  pages={50--63},
  year={2017},
  publisher={Elsevier}
}


@book {Absil08oao,
    AUTHOR = {Absil, P.-A. and Mahony, R. and Sepulchre, R.},
     TITLE = {Optimization algorithms on matrix manifolds},
      NOTE = {With a foreword by Paul Van Dooren},
 PUBLISHER = {Princeton University Press, Princeton, NJ},
      YEAR = {2008},
     PAGES = {xvi+224},
      ISBN = {978-0-691-13298-3},
   MRCLASS = {90-02 (58E17 90C30 90C52)},
  MRNUMBER = {2364186},
MRREVIEWER = {Anders Linn\'{e}r},
       DOI = {10.1515/9781400830244},
       url = {https://doi.org/10.1515/9781400830244}
}


@book{Agrawal07nfo,
  title={Nonlinear Fiber Optics},
  author={Agrawal, G.P.},
  isbn={9780123695161},
  lccn={2007279740},
  series={Electronics \& Electrical},
  url={https://books.google.ch/books?id=b5S0JqHMoxAC},
  year={2007},
  publisher={Academic Press}
}


@book{Agrawal08aon,
  title={Applications of Nonlinear Fiber Optics},
  author={Agrawal, G.P.},
  number={vol.~10},
  isbn={9780123743022},
  lccn={2008272532},
  series={Applications of nonlinear fiber optics},
  url={https://books.google.ch/books?id=HbkKQLPE8yEC},
  year={2008},
  publisher={Elsevier}
}


@article {Alamo16atf,
    AUTHOR = {Alamo, A. and Sanz-Serna, J. M.},
     TITLE = {A technique for studying strong and weak local errors of
              splitting stochastic integrators},
   JOURNAL = {SIAM J. Numer. Anal.},
  FJOURNAL = {SIAM Journal on Numerical Analysis},
    VOLUME = {54},
      YEAR = {2016},
    NUMBER = {6},
     PAGES = {3239--3257},
      issn = {0036-1429},
   MRCLASS = {65C30 (16T30 60H05)},
  MRNUMBER = {3570281},
       DOI = {10.1137/16M1058765},
       url = {http://dx.doi.org/10.1137/16M1058765}
}


@article{AlKaabi22plm,
  title={Post-{L}ie {M}agnus expansion and {BCH}-recursion},
  author={Al-Kaabi, Mahdi J Hasan and Ebrahimi-Fard, Kurusch and Manchon, Dominique and others},
  journal={SIGMA. Symmetry, Integrability and Geometry: Methods and Applications},
  volume={18},
  pages={023},
  year={2022},
  publisher={SIGMA. Symmetry, Integrability and Geometry: Methods and Applications}
}


@article{AlKaabi22aao,
      title={Algebraic aspects of connections: from torsion, curvature, and post-Lie algebras to {G}avrilov's double exponential and special polynomials}, 
      author={M. J. H. Al-Kaabi and K. Ebrahimi-Fard and D. Manchon and H. Z. Munthe-Kaas},
      JOURNAL = {Submitted},
      year={2022},
      eprint={2205.04381},
      archivePrefix={arXiv},
      primaryClass={math.DG}
}


@article{Almuslimani21uas,
  title={Uniformly accurate schemes for oscillatory stochastic differential equations},
  author={Almuslimani, Ibrahim and Chartier, Philippe and Lemou, Mohammed and M{\'e}hats, Florian},
  journal={Submitted},
  year={2021},
  eprint={2108.06987},
  archivePrefix={arXiv},
  primaryClass={math.NA}
}


@article{Andersen83rav,
  title={Rattle: A “velocity” version of the {S}hake algorithm for molecular dynamics calculations},
  author={Andersen, Hans C},
  journal={J. Comput. Phys.},
  volume={52},
  number={1},
  pages={24--34},
  year={1983},
  publisher={Elsevier}
}


@article {Anderson80ote,
    AUTHOR = {Anderson, I. M. and Duchamp, T.},
     TITLE = {On the existence of global variational principles},
   JOURNAL = {Amer. J. Math.},
  FJOURNAL = {American Journal of Mathematics},
    VOLUME = {102},
      YEAR = {1980},
    NUMBER = {5},
     PAGES = {781--868},
      issn = {0002-9327},
   MRCLASS = {58F05 (49H05 58E30)},
  MRNUMBER = {590637},
MRREVIEWER = {P. Ver Eecke},
       DOI = {10.2307/2374195},
       url = {https://doi.org/10.2307/2374195}
}


@Unpublished{Anderson89tvb,
  title={The variational bicomplex},
  author={Anderson, Ian M},
  year={1989},
  note={Unpublished},
  institution={Utah State Technical Report},
  url = {http://math.usu.edu/~fgmp}
}


@incollection {Anderson92itt,
    AUTHOR = {Anderson, Ian M.},
     TITLE = {Introduction to the variational bicomplex},
 BOOKTITLE = {Mathematical aspects of classical field theory ({S}eattle,
              {WA}, 1991)},
    SERIES = {Contemp. Math.},
    VOLUME = {132},
     PAGES = {51--73},
 PUBLISHER = {Amer. Math. Soc., Providence, RI},
      YEAR = {1992},
   MRCLASS = {58E20 (49N45 58A20 58A25)},
  MRNUMBER = {1188434},
MRREVIEWER = {Gerard Thompson},
       DOI = {10.1090/conm/132/1188434},
       url = {https://doi.org/10.1090/conm/132/1188434}
}


@article {Anmarkrud17ocf,
    AUTHOR = {Anmarkrud, Sverre and Kv{\ae}rn\o , Anne},
     TITLE = {Order conditions for stochastic {R}unge-{K}utta methods
              preserving quadratic invariants of {S}tratonovich {SDE}s},
   JOURNAL = {J. Comput. Appl. Math.},
  FJOURNAL = {Journal of Computational and Applied Mathematics},
    VOLUME = {316},
      YEAR = {2017},
     PAGES = {40--46},
      issn = {0377-0427},
   MRCLASS = {65C30 (34C14 60H10 60H35)},
  MRNUMBER = {3588726},
       DOI = {10.1016/j.cam.2016.08.042},
       url = {http://dx.doi.org/10.1016/j.cam.2016.08.042}
}


@article{Antonyuk07nonexp,
	AUTHOR = {Antonyuk, A.V. and Antonyuk, A.V.},
	TITLE = {Nonexplosion and solvability of nonlinear diffusion equations on noncompact manifolds},
	JOURNAL = {Ukr. Math. J.},
	VOLUME = {59},
	YEAR = {2007},
	PAGES = {1632--1652}
}


@book {Arnold89mmo,
    AUTHOR = {Arnold, V. I.},
     TITLE = {Mathematical methods of classical mechanics},
    SERIES = {Graduate Texts in Mathematics},
    VOLUME = {60},
   EDITION = {Second},
      NOTE = {Translated from the Russian by K. Vogtmann and A. Weinstein},
 PUBLISHER = {Springer-Verlag, New York},
      YEAR = {1989},
     PAGES = {xvi+508},
      ISBN = {0-387-96890-3},
   MRCLASS = {58Fxx (70-02 70H05)},
  MRNUMBER = {997295},
       DOI = {10.1007/978-1-4757-2063-1},
       url = {https://doi.org/10.1007/978-1-4757-2063-1}
}


@book {Arnold06mao,
    AUTHOR = {Arnold, Vladimir I. and Kozlov, Valery V. and Neishtadt,
              Anatoly I.},
     TITLE = {Mathematical aspects of classical and celestial mechanics},
    SERIES = {Encyclopaedia of Mathematical Sciences},
    VOLUME = {3},
   EDITION = {Third},
      NOTE = {[Dynamical systems. III],
              Translated from the Russian original by E. Khukhro},
 PUBLISHER = {Springer-Verlag, Berlin},
      YEAR = {2006},
     PAGES = {xiv+518},
      ISBN = {978-3-540-28246-4; 3-540-28246-7},
   MRCLASS = {70-02 (37Jxx 70-01 70H03 70H05)},
  MRNUMBER = {2269239},
MRREVIEWER = {Ernesto A. Lacomba}
}


@article {Arous89fes,
    AUTHOR = {Ben Arous, G\'{e}rard},
     TITLE = {Flots et s\'{e}ries de {T}aylor stochastiques},
   JOURNAL = {Probab. Theory Related Fields},
  FJOURNAL = {Probability Theory and Related Fields},
    VOLUME = {81},
      YEAR = {1989},
    NUMBER = {1},
     PAGES = {29--77},
      issn = {0178-8051},
   MRCLASS = {60H10 (58G32)},
  MRNUMBER = {981567},
MRREVIEWER = {R\'{e}mi L\'{e}andre},
       DOI = {10.1007/BF00343737},
       url = {https://doi.org/10.1007/BF00343737}
}


@article{Axen23mae,
    AUTHOR    = {Axen, Seth D. and Baran, Mateusz and Bergmann, Ronny and Rzecki, Krzysztof},
    ARTICLENO = {33},
    DOI       = {10.1145/3618296},
    JOURNAL   = {ACM Transactions on Mathematical Software},
    MONTH     = {dec},
    NUMBER    = {4},
    TITLE     = {Manifolds.Jl: An Extensible Julia Framework for Data Analysis on Manifolds},
    VOLUME    = {49},
    YEAR      = {2023}
}


@incollection {Bakry85dh,
    AUTHOR = {Bakry, D. and \'Emery, Michel},
     TITLE = {Diffusions hypercontractives},
 BOOKTITLE = {S\'eminaire de probabilit\'es, {XIX}, 1983/84},
    SERIES = {Lecture Notes in Math.},
    VOLUME = {1123},
     PAGES = {177--206},
 PUBLISHER = {Springer, Berlin},
      YEAR = {1985},
      ISBN = {3-540-15230-X},
   MRCLASS = {60J60 (58C40 58G32)},
  MRNUMBER = {889476},
MRREVIEWER = {Jacques\ Vauthier},
       DOI = {10.1007/BFb0075847},
       url = {https://doi.org/10.1007/BFb0075847}
}


@article{Bakry86cne,
	AUTHOR = {Bakry, D.},
	TITLE = {Un critère de non-explosion pour certaines diffusions sur une variété riemannienne complète},
	JOURNAL = {C.R. Acad. Sc. Paris},
	VOLUME = {303},
      YEAR = {1986},
    NUMBER = {1},
    SERIE = {I},
     PAGES = {23--26}
}


@article {Bally96tlo,
    AUTHOR = {Bally, V. and Talay, D.},
     TITLE = {The law of the {E}uler scheme for stochastic differential
              equations. {I}. {C}onvergence rate of the distribution
              function},
   JOURNAL = {Probab. Theory Related Fields},
  FJOURNAL = {Probability Theory and Related Fields},
    VOLUME = {104},
      YEAR = {1996},
    NUMBER = {1},
     PAGES = {43--60},
      issn = {0178-8051},
   MRCLASS = {60H10 (65C05)},
  MRNUMBER = {1367666},
MRREVIEWER = {Eckhard Platen},
       DOI = {10.1007/BF01303802},
       url = {https://doi.org/10.1007/BF01303802}
}


@article{Bandrauk06cis,
  title={Complex integration steps in decomposition of quantum exponential evolution operators},
  author={Bandrauk, Andr{\'e} D and Dehghanian, Effat and Lu, Huizhong},
  journal={Chemical physics letters},
  volume={419},
  number={4-6},
  pages={346--350},
  year={2006},
  publisher={Elsevier}
}


@article{Beauchard22gos,
  title={Growth of structure constants of free {L}ie algebras relative to {H}all bases},
  author={Beauchard, Karine and Le Borgne, J{\'e}r{\'e}my and Marbach, Fr{\'e}d{\'e}ric},
  journal={Journal of Algebra},
  volume={612},
  pages={281--378},
  year={2022},
  publisher={Elsevier}
}


@article{Beauchard23oef,
  title={On expansions for nonlinear systems error estimates and convergence issues},
  author={Beauchard, Karine and Le Borgne, J{\'e}r{\'e}my and Marbach, Fr{\'e}d{\'e}ric},
  journal={Comptes Rendus. Math{\'e}matique},
  volume={361},
  number={G1},
  pages={97--189},
  year={2023}
}



@article {Belaouar15nao,
    AUTHOR = {Belaouar, Radoin and de Bouard, Anne and Debussche, Arnaud},
     TITLE = {Numerical analysis of the nonlinear {S}chr\"odinger equation
              with white noise dispersion},
   JOURNAL = {Stoch. Partial Differ. Equ. Anal. Comput.},
  FJOURNAL = {Stochastic Partial Differential Equations. Analysis and
              Computations},
    VOLUME = {3},
      YEAR = {2015},
    NUMBER = {1},
     PAGES = {103--132},
      issn = {2194-0401},
   MRCLASS = {65M75 (35Q55 35R60 60H40)},
  MRNUMBER = {3312594},
       DOI = {10.1007/s40072-015-0044-z},
       url = {http://dx.doi.org/10.1007/s40072-015-0044-z}
}


@article {Benettin94oth,
    AUTHOR = {Benettin, Giancarlo and Giorgilli, Antonio},
     TITLE = {On the {H}amiltonian interpolation of near-to-the-identity
              symplectic mappings with application to symplectic integration
              algorithms},
   JOURNAL = {J. Statist. Phys.},
  FJOURNAL = {Journal of Statistical Physics},
    VOLUME = {74},
      YEAR = {1994},
    NUMBER = {5-6},
     PAGES = {1117--1143},
      issn = {0022-4715,1572-9613},
   MRCLASS = {58F05 (58F40)},
  MRNUMBER = {1268787},
MRREVIEWER = {L.\ E.\ Faybusovich},
       DOI = {10.1007/BF02188219},
       url = {https://doi.org/10.1007/BF02188219}
}


@article {Berland05bsa,
    AUTHOR = {Berland, H{\aa}vard and Owren, Brynjulf and Skaflestad, B{\aa}rd},
     TITLE = {{B}-series and order conditions for exponential integrators},
   JOURNAL = {SIAM J. Numer. Anal.},
  FJOURNAL = {SIAM Journal on Numerical Analysis},
    VOLUME = {43},
      YEAR = {2005},
    NUMBER = {4},
     PAGES = {1715--1727},
      issn = {0036-1429},
   MRCLASS = {65L05 (65L06 65L20)},
  MRNUMBER = {2182146},
MRREVIEWER = {Philip W. Sharp},
       DOI = {10.1137/040612683},
       url = {https://doi.org/10.1137/040612683}
}


@article{Bernier23scs,
  title={Symmetric-conjugate splitting methods for linear unitary problems},
  author={Bernier, Joackim and Blanes, Sergio and Casas, Fernando and Escorihuela-Tom{\`a}s, Alejandro},
   JOURNAL = {BIT Numer. Math.},
  FJOURNAL = {BIT. Numerical Mathematics},
  volume={63},
  number={4},
  pages={58},
  year={2023},
  publisher={Springer}
}


@article{Bharath23sae,
  title={Sampling and estimation on manifolds using the {L}angevin diffusion},
  author={Bharath, Karthik and Lewis, Alexander and Sharma, Akash and Tretyakov, Michael V},
  journal={arXiv:2312.14882},
  year={2023}
}


@article {Blanes05otn,
    AUTHOR = {Blanes, Sergio and Casas, Fernando},
     TITLE = {On the necessity of negative coefficients for operator
              splitting schemes of order higher than two},
   JOURNAL = {Appl. Numer. Math.},
  FJOURNAL = {Applied Numerical Mathematics. An IMACS Journal},
    VOLUME = {54},
      YEAR = {2005},
    NUMBER = {1},
     PAGES = {23--37},
      issn = {0168-9274},
   MRCLASS = {65L05},
  MRNUMBER = {2134093},
       DOI = {10.1016/j.apnum.2004.10.005},
       url = {https://doi.org/10.1016/j.apnum.2004.10.005}
}


@article{Blanes13oho,
  title={Optimized high-order splitting methods for some classes of parabolic equations},
  author={Blanes, Sergio and Casas, Fernando and Chartier, Philippe and Murua, Ander},
  journal={Mathematics of Computation},
  volume={82},
  number={283},
  pages={1559--1576},
  year={2013}
}


@article {Blanes22asm,
    AUTHOR = {Blanes, Sergio and Casas, Fernando and Escorihuela-Tom\`as,
              Alejandro},
     TITLE = {Applying splitting methods with complex coefficients to the
              numerical integration of unitary problems},
   JOURNAL = {J. Comput. Dyn.},
  FJOURNAL = {Journal of Computational Dynamics},
    VOLUME = {9},
      YEAR = {2022},
    NUMBER = {2},
     PAGES = {85--101},
      issn = {2158-2491,2158-2505},
   MRCLASS = {65L05 (37M15)},
  MRNUMBER = {4417094},
       DOI = {10.3934/jcd.2021022},
       url = {https://doi.org/10.3934/jcd.2021022}
}


@article{Blanes23esm,
  title={Efficient Splitting Methods Based on Modified Potentials: Numerical Integration of Linear Parabolic Problems and Imaginary Time Propagation of the {S}chrodinger Equation},
  author={Blanes, Sergio and Casas, Fernando and Gonz{\'a}lez, Ces{\'a}reo and Thalhammer, Mechthild},
  year={2023},
  publisher={Global-Science Press}
}


@article{Blanes24smf,
  title={Splitting Methods for differential equations},
  author={Blanes, Sergio and Casas, Fernando and Murua, Ander},
  journal={arXiv preprint arXiv:2401.01722},
  year={2024}
}

@article{Bobkov2009wpi,
 Author = {Bobkov, Sergey G. and Ledoux, Michel},
 Title = {Weighted {Poincar{\'e}}-type inequalities for {Cauchy} and other convex measures},
 FJournal = {The Annals of Probability},
 Journal = {Ann. Probab.},
 ISSN = {0091-1798},
 Volume = {37},
 Number = {2},
 Pages = {403--427},
 Year = {2009},
 Language = {English},
 DOI = {10.1214/08-AOP407},
 Keywords = {46G12,60B11,60G07}
}


@article {Bogfjellmo19aso,
   author = {{Bogfjellmo}, G.},
    title = {Algebraic structure of aromatic {B}-series},
  journal = {J. Comput. Dyn.},
    VOLUME = {6},
      YEAR = {2019},
    NUMBER = {2},
     PAGES = {199--222},
      issn = {2158-2491},
       DOI = {10.3934/jcd.2019010},
       url = {http://aimsciences.org//article/id/7e09179a-847d-4c08-8919-3598176660c4}
}


@article {Bogfjellmo22uat,
    AUTHOR = {Bogfjellmo, Geir and Celledoni, Elena and McLachlan, Robert I.
              and Owren, Brynjulf and Quispel, G. R. W.},
     TITLE = {Using aromas to search for preserved measures and integrals in
              {K}ahan's method},
   JOURNAL = {Math. Comp.},
  FJOURNAL = {Mathematics of Computation},
    VOLUME = {93},
      YEAR = {2024},
    NUMBER = {348},
     PAGES = {1633--1653},
      issn = {0025-5718,1088-6842},
   MRCLASS = {65L06 (05C05 37J06 37J35 37M15)},
  MRNUMBER = {4730244},
       DOI = {10.1090/mcom/3921},
       url = {https://doi.org/10.1090/mcom/3921}
}


@article{Bouchereau23mlm,
      title={Machine Learning Methods for Autonomous Ordinary Differential Equations}, 
      author={Maxime Bouchereau and Philippe Chartier and Mohammed Lemou and Florian Méhats},
      year={2023},
      JOURNAL = {Submitted},
      eprint={2304.09036},
      archivePrefix={arXiv},
      primaryClass={math.NA}
}


@article {BouRabee10lra,
    AUTHOR = {Bou-Rabee, Nawaf and Owhadi, Houman},
     TITLE = {Long-run accuracy of variational integrators in the stochastic
              context},
   JOURNAL = {SIAM J. Numer. Anal.},
  FJOURNAL = {SIAM Journal on Numerical Analysis},
    VOLUME = {48},
      YEAR = {2010},
    NUMBER = {1},
     PAGES = {278--297},
      issn = {0036-1429},
   MRCLASS = {65C30 (60H10 60J05 65C05 65P10)},
  MRNUMBER = {2608370},
MRREVIEWER = {Andreas R\~A\P \~Aler},
       DOI = {10.1137/090758842},
       url = {http://dx.doi.org/10.1137/090758842}
}


@article{Boyaval19fva,
      title={Finite-Volume approximation of the invariant measure of a viscous stochastic scalar conservation law}, 
      author={Sébastien Boyaval and Sofiane Martel and Julien Reygner},
      JOURNAL = {Submitted},
      year={2019},
      eprint={1909.08899},
      archivePrefix={arXiv},
      primaryClass={math.AP}
}


@article {Brehier14aot,
    AUTHOR = {Br\'{e}hier, Charles-Edouard},
     TITLE = {Approximation of the invariant measure with an {E}uler scheme
              for stochastic {PDE}s driven by space-time white noise},
   JOURNAL = {Potential Anal.},
  FJOURNAL = {Potential Analysis. An International Journal Devoted to the
              Interactions between Potential Theory, Probability Theory,
              Geometry and Functional Analysis},
    VOLUME = {40},
      YEAR = {2014},
    NUMBER = {1},
     PAGES = {1--40},
      issn = {0926-2601},
   MRCLASS = {60H15 (35R60 37L40 60H35 65M75)},
  MRNUMBER = {3146507},
       DOI = {10.1007/s11118-013-9338-9},
       url = {https://doi.org/10.1007/s11118-013-9338-9}
}


@article {Brehier16hoi,
    AUTHOR = {Br\'ehier, Charles-Edouard and Vilmart, Gilles},
     TITLE = {High order integrator for sampling the invariant distribution
              of a class of parabolic stochastic {PDE}s with additive
              space-time noise},
   JOURNAL = {SIAM J. Sci. Comput.},
  FJOURNAL = {SIAM Journal on Scientific Computing},
    VOLUME = {38},
      YEAR = {2016},
    NUMBER = {4},
     PAGES = {A2283--A2306},
      issn = {1064-8275},
   MRCLASS = {65M75 (35R60 37M25 60H15 60H35)},
  MRNUMBER = {3529110},
MRREVIEWER = {David Cohen},
       DOI = {10.1137/15M1021088},
       url = {http://dx.doi.org/10.1137/15M1021088}
}


@article {Brehier20oap,
    AUTHOR = {Br\'{e}hier, Charles-Edouard and Rakotonirina-Ricquebourg, Shmuel},
     TITLE = {On asymptotic preserving schemes for a class of stochastic
              differential equations in averaging and diffusion
              approximation regimes},
   JOURNAL = {Multiscale Model. Simul.},
  FJOURNAL = {Multiscale Modeling \& Simulation. A SIAM Interdisciplinary
              Journal},
    VOLUME = {20},
      YEAR = {2022},
    NUMBER = {1},
     PAGES = {118--163},
      issn = {1540-3459},
   MRCLASS = {65C30 (60H35)},
  MRNUMBER = {4376295},
       DOI = {10.1137/20M1379836},
       url = {https://doi.org/10.1137/20M1379836}
}


@article{Brehier21sif,
  title={Splitting integrators for stochastic {L}ie--{P}oisson systems},
  author={Br{\'e}hier, Charles-Edouard and Cohen, David and Jahnke, Tobias},
  journal={arXiv preprint arXiv:2111.07387},
  year={2021}
}


@article{Brehier22ueb,
  title={Uniform error bounds for numerical schemes applied to multiscale {SDE}s in a {W}ong-{Z}akai diffusion approximation regime},
  author={Br{\'e}hier, Charles-Edouard},
  journal={arXiv preprint arXiv:2208.00448},
  year={2022}
}


@article{Brehier22usa,
  title={Uniform strong and weak error estimates for numerical schemes applied to multiscale {SDE}s in a {S}moluchowski-{K}ramers diffusion approximation regime},
  author={Br{\'e}hier, Charles-Edouard},
  journal={arXiv preprint arXiv:2208.00447},
  year={2022}
}


@article{Brehier22aop,
  title={Analysis of preconditioned schemes for {SPDE}s invariant distribution sampling},
  author={Br{\'e}hier, Charles-Edouard and Busnot Laurent, Adrien and Debussche, Arnaud and Vilmart, Gilles},
  journal={In preparation},
  year={2025}
}


@mastersthesis{Bronasco21ata,
  author       = {Eugen Bronasco}, 
  title        = {Algebraic tools and symbolic package for the study of order conditions for sampling the invariant measure of ergodic Stochastic Differential Equations},
  school       = {University of Geneva},
  year         = {2021},
  note         = {Supervisors: A. Laurent and G. Vilmart}
}


@article{Bronasco22ebs,
  title={Exotic {B}-series and {S}-series: algebraic structures and order conditions for invariant measure sampling},
  author={Bronasco, Eugen},
   JOURNAL = {Found. Comput. Math.},
  FJOURNAL = {Foundations of Computational Mathematics. The Journal of the
              Society for the Foundations of Computational Mathematics},
  pages={1--31},
  year={2024}
}


@article {Bronasco22cef,
    AUTHOR = {Bronasco, Eugen and Laurent, Adrien},
     TITLE = {{H}opf algebra structures for the backward error analysis of ergodic stochastic differential equations},
   JOURNAL = {arXiv:2407.07451},
      YEAR = {2024}
}


@article {Bronasco25hoi,
    AUTHOR = {Bronasco, E. and Busnot Laurent, A. and Huguet, B.},
     TITLE = {High order integration of stochastic dynamics on {R}iemannian
manifolds with frozen-flow methods},
   JOURNAL = {Preprint},
      YEAR = {2025}
}


@article{Bronasco25els,
  title={Efficient {L}angevin sampling with position-dependent diffusion},
  author={Bronasco, Eugen and Leimkuhler, Benedict and Phillips, Dominic and Vilmart, Gilles},
  journal={arXiv preprint arXiv:2501.02943},
  year={2025}
}


@article{Bronsard22aod,
  title={Approximations of dispersive {PDE}s in the presence of low-regularity randomness},
  author={Bronsard, Yvonne Alama and Bruned, Yvain and Schratz, Katharina},
  journal={arXiv preprint arXiv:2205.02156},
  year={2022}
}


@article{Bronsard23srb,
  title={Symmetric resonance based integrators and forest formulae},
  author={Bronsard, Yvonne Alama and Bruned, Yvain and Maierhofer, Georg and Schratz, Katharina},
  journal={arXiv preprint arXiv:2305.16737},
  year={2023}
}


@article{Brouder00rkm,
  title={Runge--{K}utta methods and renormalization},
  author={Brouder, Christian},
  fjournal={The European Physical Journal C-Particles and Fields},
  journal={Eur. Phys. J. C},
  volume={12},
  number={3},
  pages={521--534},
  year={2000},
  publisher={Springer},
  DOI={10.1007/s100529900235}
}


@inproceedings{Brubaker12afo,
  title={A family of {MCMC} methods on implicitly defined manifolds},
  author={Brubaker, Marcus and Salzmann, Mathieu and Urtasun, Raquel},
  booktitle={Artificial intelligence and statistics},
  pages={161--172},
  year={2012}
}


@article {Bruned19aro,
    AUTHOR = {Bruned, Y. and Hairer, M. and Zambotti, L.},
     TITLE = {Algebraic renormalisation of regularity structures},
   JOURNAL = {Invent. Math.},
  FJOURNAL = {Inventiones Mathematicae},
    VOLUME = {215},
      YEAR = {2019},
    NUMBER = {3},
     PAGES = {1039--1156},
      issn = {0020-9910},
   MRCLASS = {35R60 (16T05 35A30 60H15 82C28)},
  MRNUMBER = {3935036},
MRREVIEWER = {Peter E. Kloeden},
       DOI = {10.1007/s00222-018-0841-x},
       url = {https://doi.org/10.1007/s00222-018-0841-x}
}


@inproceedings{Bruned22rbs,
  title={Resonance-based schemes for dispersive equations via decorated trees},
  author={Bruned, Yvain and Schratz, Katharina},
  booktitle={Forum of Mathematics, Pi},
  volume={10},
  pages={e2},
  year={2022},
  organization={Cambridge University Press}
}


@article {Burrage96hso,
    AUTHOR = {Burrage, K. and Burrage, P. M.},
     TITLE = {High strong order explicit {R}unge-{K}utta methods for
              stochastic ordinary differential equations},
      NOTE = {Special issue celebrating the centenary of Runge-Kutta
              methods},
   JOURNAL = {Appl. Numer. Math.},
  FJOURNAL = {Applied Numerical Mathematics. An IMACS Journal},
    VOLUME = {22},
      YEAR = {1996},
    NUMBER = {1-3},
     PAGES = {81--101},
      issn = {0168-9274},
   MRCLASS = {65L06 (34A45 34F05 60H10)},
  MRNUMBER = {1424291},
MRREVIEWER = {E. S. Lee},
       DOI = {10.1016/S0168-9274(96)00027-X},
       url = {http://dx.doi.org/10.1016/S0168-9274(96)00027-X}
}


@phdthesis{Burrage99rkm,
  title={Runge-Kutta methods for stochastic differential equations},
  author={Burrage, Pamela Marion},
  year={1999},
  school={Dept. Maths., Univ. Queensland, Australia}
}


@article {Burrage99hso,
    AUTHOR = {Burrage, K. and Burrage, P. M.},
     TITLE = {High strong order methods for non-commutative stochastic
              ordinary differential equation systems and the {M}agnus
              formula},
      NOTE = {Predictability: quantifying uncertainty in models of complex
              phenomena (Los Alamos, NM, 1998)},
   JOURNAL = {Phys. D},
  FJOURNAL = {Physica D. Nonlinear Phenomena},
    VOLUME = {133},
      YEAR = {1999},
    NUMBER = {1-4},
     PAGES = {34--48},
      issn = {0167-2789},
   MRCLASS = {65C30 (60H10 60H35)},
  MRNUMBER = {1721138},
MRREVIEWER = {Volker Wihstutz},
       DOI = {10.1016/S0167-2789(99)00097-4},
       url = {https://doi.org/10.1016/S0167-2789(99)00097-4}
}


@article {Burrage00oco,
    AUTHOR = {Burrage, K. and Burrage, P. M.},
     TITLE = {Order conditions of stochastic {R}unge-{K}utta methods by
              {B}-series},
   JOURNAL = {SIAM J. Numer. Anal.},
  FJOURNAL = {SIAM Journal on Numerical Analysis},
    VOLUME = {38},
      YEAR = {2000},
    NUMBER = {5},
     PAGES = {1626--1646},
      issn = {0036-1429},
     CODEN = {SJNAAM},
   MRCLASS = {65C30 (65L06)},
  MRNUMBER = {1813248 (2001m:65016)},
MRREVIEWER = {Alexander Ostermann},
       DOI = {10.1137/S0036142999363206},
       url = {http://dx.doi.org/10.1137/S0036142999363206}
}


@article {Busnot25osr,
    AUTHOR = {Busnot Laurent, Adrien and Debrabant, Kristian and Kv{\ae}rn\o , Anne},
     TITLE = {Optimal stochastic {R}unge-{K}utta methods for the weak integration of stochastic dynamics},
   JOURNAL = {Preprint},
      YEAR = {2025}
}


@article {Butcher63cft,
    AUTHOR = {Butcher, J. C.},
     TITLE = {Coefficients for the study of {R}unge-{K}utta integration
              processes},
   JOURNAL = {J. Austral. Math. Soc.},
  FJOURNAL = {Australian Mathematical Society. Journal. Series A. Pure
              Mathematics and Statistics},
    VOLUME = {3},
      YEAR = {1963},
     PAGES = {185--201},
      issn = {0263-6115},
   MRCLASS = {65.61},
  MRNUMBER = {0152129},
MRREVIEWER = {T. E. Hull}
}


@incollection {Butcher69teo,
    AUTHOR = {Butcher, J. C.},
     TITLE = {The effective order of {R}unge-{K}utta methods},
 BOOKTITLE = {Conf. on {N}umerical {S}olution of {D}ifferential {E}quations
              ({D}undee, 1969) },
     PAGES = {133--139},
 PUBLISHER = {Springer, Berlin},
      YEAR = {1969},
   MRCLASS = {65.61},
  MRNUMBER = {0275679},
MRREVIEWER = {A. Pasquali}
}


@article {Butcher72aat,
    AUTHOR = {Butcher, J. C.},
     TITLE = {An algebraic theory of integration methods},
   JOURNAL = {Math. Comp.},
  FJOURNAL = {Mathematics of Computation},
    VOLUME = {26},
      YEAR = {1972},
     PAGES = {79--106},
      issn = {0025-5718},
   MRCLASS = {65L99},
  MRNUMBER = {0305608},
MRREVIEWER = {D. B. Hunter},
       DOI = {10.2307/2004720},
       url = {http://dx.doi.org/10.2307/2004720}
}


@book {Butcher16nmf,
    AUTHOR = {Butcher, J. C.},
     TITLE = {Numerical methods for ordinary differential equations},
   EDITION = {Third},
 PUBLISHER = {John Wiley \& Sons, Ltd., Chichester},
      YEAR = {2016},
     PAGES = {xxiii+513},
      ISBN = {978-1-119-12150-3},
   MRCLASS = {65-02 (65Lxx)},
  MRNUMBER = {3559553},
       DOI = {10.1002/9781119121534},
       url = {http://dx.doi.org/10.1002/9781119121534}
}


@book{Butcher21bsa,
  title={B-series: algebraic analysis of numerical methods},
  author={Butcher, John C},
  year={2021},
  publisher={Springer},
     PAGES = {x+310},
      ISBN = {978-3-030-70955-6},
   MRCLASS = {65L05, 65L06, 65L20},
       DOI = {10.1007/978-3-030-70956-3},
       url = {https://doi.org/10.1007/978-3-030-70956-3}
}


@article {Calaque11tih,
    AUTHOR = {Calaque, Damien and Ebrahimi-Fard, Kurusch and Manchon,
              Dominique},
     TITLE = {Two interacting {H}opf algebras of trees: a {H}opf-algebraic
              approach to composition and substitution of {B}-series},
   JOURNAL = {Adv. in Appl. Math.},
  FJOURNAL = {Advances in Applied Mathematics},
    VOLUME = {47},
      YEAR = {2011},
    NUMBER = {2},
     PAGES = {282--308},
      issn = {0196-8858},
   MRCLASS = {16T30 (05C05 05E15 81T15)},
  MRNUMBER = {2803804},
MRREVIEWER = {Aaron Lauve},
       DOI = {10.1016/j.aam.2009.08.003},
       url = {https://doi.org/10.1016/j.aam.2009.08.003}
}


@incollection {Calvo94mef,
    AUTHOR = {Calvo, M. P. and Murua, A. and Sanz-Serna, J. M.},
     TITLE = {Modified equations for {ODE}s},
 BOOKTITLE = {Chaotic numerics ({G}eelong, 1993)},
    SERIES = {Contemp. Math.},
    VOLUME = {172},
     PAGES = {63--74},
 PUBLISHER = {Amer. Math. Soc., Providence, RI},
      YEAR = {1994},
   MRCLASS = {65L06 (34A50)},
  MRNUMBER = {1294408},
       DOI = {10.1090/conm/172/01798},
       url = {https://doi.org/10.1090/conm/172/01798}
}


@article {Calvo04aco,
    AUTHOR = {Calvo, Manuel and Jay, Laurent O. and Montijano, Juan I. and
              R\'{a}ndez, Luis},
     TITLE = {Approximate compositions of a near identity map by
              multi-revolution {R}unge-{K}utta methods},
   JOURNAL = {Numer. Math.},
  FJOURNAL = {Numerische Mathematik},
    VOLUME = {97},
      YEAR = {2004},
    NUMBER = {4},
     PAGES = {635--666},
      issn = {0029-599X},
   MRCLASS = {37M15 (65L06 70-08)},
  MRNUMBER = {2127927},
MRREVIEWER = {Antonella Zanna},
       DOI = {10.1007/s00211-004-0518-9},
       url = {https://doi.org/10.1007/s00211-004-0518-9}
}


@article {Calvo07oem,
    AUTHOR = {Calvo, M. and Montijano, J. I. and R\'{a}ndez, L.},
     TITLE = {On explicit multi-revolution {R}unge-{K}utta schemes},
   JOURNAL = {Adv. Comput. Math.},
  FJOURNAL = {Advances in Computational Mathematics},
    VOLUME = {26},
      YEAR = {2007},
    NUMBER = {1-3},
     PAGES = {105--120},
      issn = {1019-7168},
   MRCLASS = {65L06},
  MRNUMBER = {2350347},
MRREVIEWER = {Lidia Aceto},
       DOI = {10.1007/s10444-004-7209-z},
       url = {https://doi.org/10.1007/s10444-004-7209-z}
}


@article {Castell93aeo,
    AUTHOR = {Castell, Fabienne},
     TITLE = {Asymptotic expansion of stochastic flows},
   JOURNAL = {Probab. Theory Related Fields},
  FJOURNAL = {Probability Theory and Related Fields},
    VOLUME = {96},
      YEAR = {1993},
    NUMBER = {2},
     PAGES = {225--239},
      issn = {0178-8051},
   MRCLASS = {60H10},
  MRNUMBER = {1227033},
MRREVIEWER = {Daniel Ocone},
       DOI = {10.1007/BF01192134},
       url = {https://doi.org/10.1007/BF01192134}
}


@article {Castell95aea,
    AUTHOR = {Castell, Fabienne and Gaines, Jessica},
     TITLE = {An efficient approximation method for stochastic differential
              equations by means of the exponential {L}ie series},
      NOTE = {Probabilit\'{e}s num\'{e}riques (Paris, 1992)},
   JOURNAL = {Math. Comput. Simulation},
  FJOURNAL = {Mathematics and Computers in Simulation},
    VOLUME = {38},
      YEAR = {1995},
    NUMBER = {1-3},
     PAGES = {13--19},
      issn = {0378-4754},
   MRCLASS = {60H10 (65U05)},
  MRNUMBER = {1341152},
MRREVIEWER = {Peter E. Kloeden},
       DOI = {10.1016/0378-4754(93)E0062-A},
       url = {https://doi.org/10.1016/0378-4754(93)E0062-A}
}


@article {Castella09smw,
    AUTHOR = {Castella, F. and Chartier, P. and Descombes, S. and Vilmart, G.},
     TITLE = {Splitting methods with complex times for parabolic equations},
   JOURNAL = {BIT Numer. Math.},
  FJOURNAL = {BIT. Numerical Mathematics},
    VOLUME = {49},
      YEAR = {2009},
    NUMBER = {3},
     PAGES = {487--508},
      issn = {0006-3835},
   MRCLASS = {65J08 (47D06 47N40)},
  MRNUMBER = {2545817},
MRREVIEWER = {Mih\'{a}ly Kov\'{a}cs},
       DOI = {10.1007/s10543-009-0235-y},
       url = {https://doi.org/10.1007/s10543-009-0235-y}
}


@article {Castella15saf,
    AUTHOR = {Castella, F. and Chartier, Ph. and M\'{e}hats, F. and Murua, A.},
     TITLE = {Stroboscopic averaging for the nonlinear {S}chr\"{o}dinger
              equation},
   JOURNAL = {Found. Comput. Math.},
  FJOURNAL = {Foundations of Computational Mathematics. The Journal of the
              Society for the Foundations of Computational Mathematics},
    VOLUME = {15},
      YEAR = {2015},
    NUMBER = {2},
     PAGES = {519--559},
      issn = {1615-3375},
   MRCLASS = {35Q55 (34K33 35A35 35B25 35R20)},
  MRNUMBER = {3320932},
       DOI = {10.1007/s10208-014-9235-7},
       url = {https://doi.org/10.1007/s10208-014-9235-7}
}


@article{Catoire24tcq,
  title={The {C}artier-{Q}uillen-{M}ilnor-{M}oore theorem in the {P}ost-{H}opf case},
  author={Catoire, Pierre},
  journal={arXiv preprint arXiv:2401.09116},
  year={2024}
}


@article{Celledoni03cfl,
  title={Commutator-free {L}ie group methods},
  author={Celledoni, Elena and Marthinsen, Arne and Owren, Brynjulf},
  journal={Future Generation Computer Systems},
  volume={19},
  number={3},
  pages={341--352},
  year={2003},
  publisher={Elsevier}
}


@article{Celledoni12per,
  title={Preserving energy resp. dissipation in numerical PDEs using the “Average Vector Field” method},
  author={Celledoni, Elena and Grimm, Volker and McLachlan, Robert I and McLaren, David I and O’Neale, D and Owren, Brynjulf and Quispel, GRW},
  journal={Journal of Computational Physics},
  volume={231},
  number={20},
  pages={6770--6789},
  year={2012},
  publisher={Elsevier}
}


@article {Celledoni13gpo,
    AUTHOR = {Celledoni, Elena and McLachlan, Robert I. and Owren, Brynjulf
              and Quispel, G. R. W.},
     TITLE = {Geometric properties of {K}ahan's method},
   JOURNAL = {J. Phys. A},
  FJOURNAL = {Journal of Physics. A. Mathematical and Theoretical},
    VOLUME = {46},
      YEAR = {2013},
    NUMBER = {2},
     PAGES = {025201, 12},
      issn = {1751-8113},
   MRCLASS = {34A26 (37J35 65L06 65P10)},
  MRNUMBER = {3002854},
MRREVIEWER = {Gennady Y. Kulikov},
       DOI = {10.1088/1751-8113/46/2/025201},
       url = {https://doi.org/10.1088/1751-8113/46/2/025201}
}


@article {Celledoni14ipo,
    AUTHOR = {Celledoni, Elena and McLachlan, Robert I. and McLaren, David
              I. and Owren, Brynjulf and Quispel, G. R. W.},
     TITLE = {Integrability properties of {K}ahan's method},
   JOURNAL = {J. Phys. A},
  FJOURNAL = {Journal of Physics. A. Mathematical and Theoretical},
    VOLUME = {47},
      YEAR = {2014},
    NUMBER = {36},
     PAGES = {365202, 20},
      issn = {1751-8113},
   MRCLASS = {34A45 (37C10 65L05 70H05)},
  MRNUMBER = {3254845},
MRREVIEWER = {Gabriela Schranz-Kirlinger},
       DOI = {10.1088/1751-8113/47/36/365202},
       url = {https://doi.org/10.1088/1751-8113/47/36/365202}
}


@article {Celledoni21enn,
    AUTHOR = {Celledoni, Elena and Ehrhardt, Matthias J. and Etmann,
              Christian and Owren, Brynjulf and Sch\"onlieb, Carola-Bibiane
              and Sherry, Ferdia},
     TITLE = {Equivariant neural networks for inverse problems},
   JOURNAL = {Inverse Problems},
  FJOURNAL = {Inverse Problems. An International Journal on the Theory and
              Practice of Inverse Problems, Inverse Methods and Computerized
              Inversion of Data},
    VOLUME = {37},
      YEAR = {2021},
    NUMBER = {8},
     PAGES = {Paper No. 085006, 26},
      issn = {0266-5611,1361-6420},
   MRCLASS = {65J22 (68T07 94A08)},
  MRNUMBER = {4295588},
MRREVIEWER = {Agnieszka\ Lisowska},
       DOI = {10.1088/1361-6420/ac104f},
       url = {https://doi.org/10.1088/1361-6420/ac104f}
}


@article{Celledoni22dad,
  title = {Detecting and determining preserved measures and integrals of birational maps},
  author = {Elena Celledoni and Charalambos Evripidou and David I. McLaren and Brynjulf Owren and G. R. W. Quispel and Benjamin K. Tapley},
  journal = {Journal of Computational Dynamics},
  year = {2022},
  eprint={1902.04685},
  archivePrefix={arXiv},
  primaryClass={math.NA}
}


@article{Chada24ukl,
      title={Unbiased Kinetic {L}angevin {M}onte {C}arlo with Inexact Gradients}, 
      author={Neil K. Chada and Benedict Leimkuhler and Daniel Paulin and Peter A. Whalley},
      year={2024},
      eprint={2311.05025},
      archivePrefix={arXiv},
      journal={arXiv:2311.05025},
      primaryClass={stat.CO}
}


@article{Chambers03siw,
  title={Symplectic integrators with complex time steps},
  author={Chambers, JE},
  journal={The Astronomical Journal},
  volume={126},
  number={2},
  pages={1119},
  year={2003},
  publisher={IOP Publishing}
}



@article {Chapoton01pla,
    AUTHOR = {Chapoton, Fr\'{e}d\'{e}ric and Livernet, Muriel},
     TITLE = {Pre-{L}ie algebras and the rooted trees operad},
   JOURNAL = {Internat. Math. Res. Notices},
  FJOURNAL = {International Mathematics Research Notices},
      YEAR = {2001},
    NUMBER = {8},
     PAGES = {395--408},
      issn = {1073-7928},
   MRCLASS = {17A30 (17B60 18D50 55P48 81T15)},
  MRNUMBER = {1827084},
MRREVIEWER = {Olga Kravchenko},
       DOI = {10.1155/S1073792801000198},
       url = {https://doi.org/10.1155/S1073792801000198}
}


@techreport{Chartier05asl,
  TITLE = {A substitution law for {B}-series vector fields},
  AUTHOR = {Chartier, Philippe and Hairer, Ernst and Vilmart, Gilles},
  url = {https://hal.inria.fr/inria-00070509},
  TYPE = {Research Report},
  NUMBER = {RR-5498},
  PAGES = {24},
  INSTITUTION = {{INRIA}},
  YEAR = {2005},
  KEYWORDS = {HAMILTONIAN ; SYMPLECTIC ; SYMMETRIC ; GENERATING FUNCTION METHODS ; ORDINARY DIFFERENTIAL EQUATIONS ; B-SERIES ; BACKWARD ERROR ANALYSIS},
  PDF = {https://hal.inria.fr/inria-00070509/file/RR-5498.pdf},
  HAL_ID = {inria-00070509},
  HAL_VERSION = {v1}
}


@article {Chartier07nib,
    AUTHOR = {Chartier, Philippe and Hairer, Ernst and Vilmart, Gilles},
     TITLE = {Numerical integrators based on modified differential
              equations},
   JOURNAL = {Math. Comp.},
  FJOURNAL = {Mathematics of Computation},
    VOLUME = {76},
      YEAR = {2007},
    NUMBER = {260},
     PAGES = {1941--1953},
      issn = {0025-5718,1088-6842},
   MRCLASS = {65L05},
  MRNUMBER = {2336275},
MRREVIEWER = {Gabriela\ Schranz-Kirlinger},
       DOI = {10.1090/S0025-5718-07-01967-9},
       url = {https://doi.org/10.1090/S0025-5718-07-01967-9}
}


@article {Chartier07pfi,
    AUTHOR = {Chartier, Philippe and Murua, Ander},
     TITLE = {Preserving first integrals and volume forms of additively
              split systems},
   JOURNAL = {IMA J. Numer. Anal.},
  FJOURNAL = {IMA Journal of Numerical Analysis},
    VOLUME = {27},
      YEAR = {2007},
    NUMBER = {2},
     PAGES = {381--405},
      issn = {0272-4979},
   MRCLASS = {37M99 (65L05)},
  MRNUMBER = {2317009},
MRREVIEWER = {Antonella Zanna},
       DOI = {10.1093/imanum/drl039},
       url = {http://dx.doi.org/10.1093/imanum/drl039}
}


@article {Chartier10aso,
    AUTHOR = {Chartier, Philippe and Hairer, Ernst and Vilmart, Gilles},
     TITLE = {Algebraic structures of {B}-series},
   JOURNAL = {Found. Comput. Math.},
  FJOURNAL = {Foundations of Computational Mathematics. The Journal of the
              Society for the Foundations of Computational Mathematics},
    VOLUME = {10},
      YEAR = {2010},
    NUMBER = {4},
     PAGES = {407--427},
      issn = {1615-3375},
   MRCLASS = {65L05 (16T05 34A25 37M99)},
  MRNUMBER = {2657947},
       DOI = {10.1007/s10208-010-9065-1},
       url = {http://dx.doi.org/10.1007/s10208-010-9065-1}
}


@article {Chartier10hoa,
    AUTHOR = {Chartier, P. and Murua, A. and Sanz-Serna, J. M.},
     TITLE = {Higher-order averaging, formal series and numerical
              integration {I}: {B}-series},
   JOURNAL = {Found. Comput. Math.},
  FJOURNAL = {Foundations of Computational Mathematics. The Journal of the
              Society for the Foundations of Computational Mathematics},
    VOLUME = {10},
      YEAR = {2010},
    NUMBER = {6},
     PAGES = {695--727},
      issn = {1615-3375},
   MRCLASS = {34E05 (34C29 65L06 70H05)},
  MRNUMBER = {2728427},
MRREVIEWER = {Anatoliy Prykarpatsky},
       DOI = {10.1007/s10208-010-9074-0},
       url = {https://doi.org/10.1007/s10208-010-9074-0}
}


@article {Chartier12hoa,
    AUTHOR = {Chartier, P. and Murua, A. and Sanz-Serna, J. M.},
     TITLE = {Higher-order averaging, formal series and numerical
              integration {II}: {T}he quasi-periodic case},
   JOURNAL = {Found. Comput. Math.},
  FJOURNAL = {Foundations of Computational Mathematics. The Journal of the
              Society for the Foundations of Computational Mathematics},
    VOLUME = {12},
      YEAR = {2012},
    NUMBER = {4},
     PAGES = {471--508},
      issn = {1615-3375},
   MRCLASS = {34C29 (34A25 65D15 70H08)},
  MRNUMBER = {2946461},
MRREVIEWER = {Ricardo Miranda Martins},
       DOI = {10.1007/s10208-012-9118-8},
       url = {https://doi.org/10.1007/s10208-012-9118-8}
}


@article {Chartier14mrc,
    AUTHOR = {Chartier, Philippe and Makazaga, Joseba and Murua, Ander and
              Vilmart, Gilles},
     TITLE = {Multi-revolution composition methods for highly oscillatory
              differential equations},
   JOURNAL = {Numer. Math.},
  FJOURNAL = {Numerische Mathematik},
    VOLUME = {128},
      YEAR = {2014},
    NUMBER = {1},
     PAGES = {167--192},
      issn = {0029-599X},
   MRCLASS = {65L99 (34C10 34C29 37L05 65L12)},
  MRNUMBER = {3248052},
MRREVIEWER = {S. Hitotumatu},
       DOI = {10.1007/s00211-013-0602-0},
       url = {http://dx.doi.org/10.1007/s00211-013-0602-0}
}


@article {Chartier15uan,
    AUTHOR = {Chartier, Philippe and Crouseilles, Nicolas and Lemou,
              Mohammed and M\'{e}hats, Florian},
     TITLE = {Uniformly accurate numerical schemes for highly oscillatory
              {K}lein-{G}ordon and nonlinear {S}chr\"{o}dinger equations},
   JOURNAL = {Numer. Math.},
  FJOURNAL = {Numerische Mathematik},
    VOLUME = {129},
      YEAR = {2015},
    NUMBER = {2},
     PAGES = {211--250},
      issn = {0029-599X},
   MRCLASS = {65M12 (35C20 35Q55 74Q10)},
  MRNUMBER = {3300419},
MRREVIEWER = {Istv\'{a}n Farag\'{o}},
       DOI = {10.1007/s00211-014-0638-9},
       url = {https://doi.org/10.1007/s00211-014-0638-9}
}


@article {Chartier17hoe,
    AUTHOR = {Chartier, Philippe and Lemou, Mohammed and M\'{e}hats, Florian},
     TITLE = {Highly-oscillatory evolution equations with multiple
              frequencies: averaging and numerics},
   JOURNAL = {Numer. Math.},
  FJOURNAL = {Numerische Mathematik},
    VOLUME = {136},
      YEAR = {2017},
    NUMBER = {4},
     PAGES = {907--939},
      issn = {0029-599X},
   MRCLASS = {65L05 (34K33 35Q55 37L05)},
  MRNUMBER = {3671592},
MRREVIEWER = {Julien Alexandre dit Sandretto},
       DOI = {10.1007/s00211-016-0864-4},
       url = {https://doi.org/10.1007/s00211-016-0864-4}
}


@article {Chartier20anc,
    AUTHOR = {Chartier, Philippe and Lemou, Mohammed and M\'{e}hats, Florian and
              Vilmart, Gilles},
     TITLE = {A new class of uniformly accurate numerical schemes for highly
              oscillatory evolution equations},
   JOURNAL = {Found. Comput. Math.},
  FJOURNAL = {Foundations of Computational Mathematics. The Journal of the
              Society for the Foundations of Computational Mathematics},
    VOLUME = {20},
      YEAR = {2020},
    NUMBER = {1},
     PAGES = {1--33},
      issn = {1615-3375},
   MRCLASS = {65L20 (34C29 34E10 35F25)},
  MRNUMBER = {4056924},
MRREVIEWER = {Hao Chen},
       DOI = {10.1007/s10208-019-09413-3},
       url = {https://doi.org/10.1007/s10208-019-09413-3}
}


@article{Chartier20uan,
  title={Uniformly accurate numerical schemes for a class of dissipative systems},
  author={Chartier, Philippe and Lemou, Mohammed and Tr{\'e}mant, L{\'e}opold},
  journal={Submitted},
  year={2020},
  eprint={2005.12540},
  archivePrefix={arXiv},
  primaryClass={math.AP}
}


@article{Chartier22aia,
  title={Averaging in a nutshell},
  author={Chartier, Ph and Lemou, M and M{\'e}hats, F and Tr{\'e}mant, L},
  year={2022},
  note={Unpublished}
}


@article{Cheng22eso,
  title={Efficient sampling on {R}iemannian manifolds via {L}angevin {MCMC}},
  author={Cheng, Xiang and Zhang, Jingzhao and Sra, Suvrit},
  journal={Advances in Neural Information Processing Systems},
  volume={35},
  pages={5995--6006},
  year={2022}
}


@article{Chin97sif,
  title={Symplectic integrators from composite operator factorizations},
  author={Chin, Siu A},
  journal={Physics Letters A},
  volume={226},
  number={6},
  pages={344--348},
  year={1997},
  publisher={Elsevier}
}


@article{Chin05sop,
  title={Structure of positive decompositions of exponential operators},
  author={Chin, Siu A},
  journal={Physical Review E},
  volume={71},
  number={1},
  pages={016703},
  year={2005},
  publisher={APS}
}


@article {Chryssomalakos02nca,
    AUTHOR = {Chryssomalakos, C. and Quevedo, H. and Rosenbaum, M. and
              Vergara, J. D.},
     TITLE = {Normal coordinates and primitive elements in the {H}opf
              algebra of renormalization},
   JOURNAL = {Comm. Math. Phys.},
  FJOURNAL = {Communications in Mathematical Physics},
    VOLUME = {225},
      YEAR = {2002},
    NUMBER = {3},
     PAGES = {465--485},
      issn = {0010-3616},
   MRCLASS = {81T17 (16W30)},
  MRNUMBER = {1888870},
MRREVIEWER = {Jos\'{e} M. Gracia-Bond\'{\i}a},
       DOI = {10.1007/s002200100588},
       url = {https://doi.org/10.1007/s002200100588}
}


@article {Ciccotti05bms,
author = {Ciccotti, Giovanni and Kapral, Raymond and Vanden-Eijnden, Eric},
title = {Blue Moon Sampling, Vectorial Reaction Coordinates, and Unbiased Constrained Dynamics},
journal = {ChemPhysChem},
volume = {6},
number = {9},
pages = {1809-1814},
keywords = {Blue Moon sampling, constrained stochastics dynamics, free energy, mean force, reaction coordinates},
doi = {10.1002/cphc.200400669},
url = {https://onlinelibrary.wiley.com/doi/abs/10.1002/cphc.200400669},
eprint = {https://onlinelibrary.wiley.com/doi/pdf/10.1002/cphc.200400669},
year = {2005}
}


@article {Ciccotti08pod,
    AUTHOR = {Ciccotti, Giovanni and Lelievre, Tony and Vanden-Eijnden,
              Eric},
     TITLE = {Projection of diffusions on submanifolds: application to mean
              force computation},
   JOURNAL = {Comm. Pure Appl. Math.},
  FJOURNAL = {Communications on Pure and Applied Mathematics},
    VOLUME = {61},
      YEAR = {2008},
    NUMBER = {3},
     PAGES = {371--408},
      issn = {0010-3640},
   MRCLASS = {82C80 (60H10 60J60 60J70 82C31)},
  MRNUMBER = {2376846},
MRREVIEWER = {Mario Abundo},
       DOI = {10.1002/cpa.20210},
       url = {https://doi.org/10.1002/cpa.20210}
}


@article {Cohen12cao,
    AUTHOR = {Cohen, David and Sigg, Magdalena},
     TITLE = {Convergence analysis of trigonometric methods for stiff
              second-order stochastic differential equations},
   JOURNAL = {Numer. Math.},
  FJOURNAL = {Numerische Mathematik},
    VOLUME = {121},
      YEAR = {2012},
    NUMBER = {1},
     PAGES = {1--29},
      issn = {0029-599X},
   MRCLASS = {65C30 (34F05 60H10 65L04)},
  MRNUMBER = {2909913},
MRREVIEWER = {Roger Pettersson},
       DOI = {10.1007/s00211-011-0426-8},
       url = {https://doi.org/10.1007/s00211-011-0426-8}
}


@article {Cohen12otn,
    AUTHOR = {Cohen, David},
     TITLE = {On the numerical discretisation of stochastic oscillators},
   JOURNAL = {Math. Comput. Simulation},
  FJOURNAL = {Mathematics and Computers in Simulation},
    VOLUME = {82},
      YEAR = {2012},
    NUMBER = {8},
     PAGES = {1478--1495},
      issn = {0378-4754},
   MRCLASS = {65C30 (34F05 60H10 60H35)},
  MRNUMBER = {2922170},
MRREVIEWER = {Renato G. C. Spigler},
       DOI = {10.1016/j.matcom.2012.02.004},
       url = {http://dx.doi.org/10.1016/j.matcom.2012.02.004}
}


@article {Cohen17eif,
    AUTHOR = {Cohen, David and Dujardin, Guillaume},
     TITLE = {Exponential integrators for nonlinear {S}chr\"odinger equations
              with white noise dispersion},
   JOURNAL = {Stoch. Partial Differ. Equ. Anal. Comput.},
  FJOURNAL = {Stochastic Partial Differential Equations. Analysis and
              Computations},
    VOLUME = {5},
      YEAR = {2017},
    NUMBER = {4},
     PAGES = {592--613},
      issn = {2194-0401},
   MRCLASS = {65M75 (35Q55 35R60 45K05 60H15 65C50 65J08)},
  MRNUMBER = {3736655},
       DOI = {10.1007/s40072-017-0098-1},
       url = {https://doi.org/10.1007/s40072-017-0098-1}
}


@article {Connes98har,
    AUTHOR = {Connes, Alain and Kreimer, Dirk},
     TITLE = {Hopf algebras, renormalization and noncommutative geometry},
   JOURNAL = {Comm. Math. Phys.},
  FJOURNAL = {Communications in Mathematical Physics},
    VOLUME = {199},
      YEAR = {1998},
    NUMBER = {1},
     PAGES = {203--242},
      issn = {0010-3616},
   MRCLASS = {81T15 (16W30 46L87 81T18)},
  MRNUMBER = {1660199},
MRREVIEWER = {Raimar Wulkenhaar},
       DOI = {10.1007/s002200050499},
       url = {https://doi.org/10.1007/s002200050499},
}


@article {Cooper87sor,
    AUTHOR = {Cooper, G. J.},
     TITLE = {Stability of {R}unge-{K}utta methods for trajectory problems},
   JOURNAL = {IMA J. Numer. Anal.},
  FJOURNAL = {IMA Journal of Numerical Analysis},
    VOLUME = {7},
      YEAR = {1987},
    NUMBER = {1},
     PAGES = {1--13},
      issn = {0272-4979},
   MRCLASS = {65L05},
  MRNUMBER = {967831},
MRREVIEWER = {M. M. Chawla},
       DOI = {10.1093/imanum/7.1.1},
       url = {https://doi.org/10.1093/imanum/7.1.1},
}


@article{Cosserat22nmi,
  TITLE = {Numerical methods in Poisson geometry and their application to mechanics},
  AUTHOR = {Cosserat, O. and Laurent-Gengoux, C. and Salnikov, V.},
  JOURNAL = {submitted},
  YEAR = {2022},
  URL = {https://arxiv.org/abs/2303.15883},
}


@article{Cosserat23ods,
  TITLE = {On Dirac structures admitting a variational approach},
  AUTHOR = {Cosserat, O. and Kotov, A. and Laurent-Gengoux, C. and Ryvkin, L. and Salnikov, V.},
  JOURNAL = {to appear in Mathematics and Mechanics of Complex Systems},
  YEAR = {2023},
}


@article{Cosserat23sgf,
  TITLE = {{Symplectic groupoids for Poisson integrators}},
  AUTHOR = {Cosserat, O.},
  JOURNAL = {Journal of Geometry and Physics},
  YEAR = {2023},
  URL = {https://arxiv.org/abs/2205.04838},
}


@phdthesis{Cosserat23tac,
  title={Theory and construction of structure preserving integrators in Poisson geometry},
  author={Cosserat, Oscar},
  year={2023},
  school={La Rochelle Universit{\'e}}
}


@article{Courtes24mso,
  title={Micromagnetic simulations of the size dependence of the Curie temperature in ferromagnetic nanowires and nanolayers},
  author={Court{\`e}s, Cl{\'e}mentine and Boileau, Matthieu and C{\^o}te, Rapha{\"e}l and Hervieux, Paul-Antoine and Manfredi, Giovanni},
  journal={Journal of Magnetism and Magnetic Materials},
  volume={598},
  pages={172040},
  year={2024},
  publisher={Elsevier},
  doi = {10.1016/j.jmmm.2024.172040},
}


@article{Crouch93nio,
  title={Numerical integration of ordinary differential equations on manifolds},
  author={Crouch, Peter E and Grossman, R},
  journal={Journal of Nonlinear Science},
  volume={3},
  pages={1--33},
  year={1993},
  publisher={Springer}
}



@article {Crouseilles11aap,
    AUTHOR = {Crouseilles, Nicolas and Lemou, Mohammed},
     TITLE = {An asymptotic preserving scheme based on a micro-macro
              decomposition for collisional {V}lasov equations: diffusion
              and high-field scaling limits},
   JOURNAL = {Kinet. Relat. Models},
  FJOURNAL = {Kinetic and Related Models},
    VOLUME = {4},
      YEAR = {2011},
    NUMBER = {2},
     PAGES = {441--477},
      issn = {1937-5093,1937-5077},
   MRCLASS = {82D10 (65M06 76X05)},
  MRNUMBER = {2786393},
MRREVIEWER = {Eric\ Sonnendr\"{u}cker},
       DOI = {10.3934/krm.2011.4.441},
       url = {https://doi.org/10.3934/krm.2011.4.441},
}


@phdthesis{Curry14asi,
  title={Algebraic structures in stochastic differential equations},
  author={Curry, Charles},
  year={2014},
  school={Heriot-Watt University}
}


@article {Curry20pbr,
    AUTHOR = {Curry, C. and Ebrahimi-Fard, K. and Manchon, D. and
              Munthe-Kaas, H. Z.},
     TITLE = {Planarly branched rough paths and rough differential equations
              on homogeneous spaces},
   JOURNAL = {J. Differential Equations},
  FJOURNAL = {Journal of Differential Equations},
    VOLUME = {269},
      YEAR = {2020},
    NUMBER = {11},
     PAGES = {9740--9782},
      issn = {0022-0396,1090-2732},
   MRCLASS = {16T15 (16T05 16T30 34A34 60H10 60L70)},
  MRNUMBER = {4120383},
       DOI = {10.1016/j.jde.2020.06.058},
       url = {https://doi.org/10.1016/j.jde.2020.06.058},
}


@article{Curry20tme,
  title={The {M}agnus expansion and post-{L}ie algebras},
  author={Curry, Charles and Ebrahimi-Fard, Kurusch and Owren, Brynjulf},
  journal={Mathematics of Computation},
  volume={89},
  number={326},
  pages={2785--2799},
  year={2020}
}


@article{Dambrosio24sbe,
  title={Strong backward error analysis of symplectic integrators for stochastic {H}amiltonian systems},
  author={D'Ambrosio, Raffaele and Di Giovacchino, Stefano},
  journal={Applied Mathematics and Computation},
  volume={467},
  pages={128488},
  year={2024},
  publisher={Elsevier}
}


@article{Davidchack15nla,
  title={New {L}angevin and gradient thermostats for rigid body dynamics},
  author={Davidchack, Ruslan L and Ouldridge, TE and Tretyakov, MV},
  journal={The Journal of chemical physics},
  volume={142},
  number={14},
  year={2015},
  publisher={AIP Publishing}
}


@article {DeBouard10tns,
    AUTHOR = {de Bouard, Anne and Debussche, Arnaud},
     TITLE = {The nonlinear {S}chr\"odinger equation with white noise
              dispersion},
   JOURNAL = {J. Funct. Anal.},
  FJOURNAL = {Journal of Functional Analysis},
    VOLUME = {259},
      YEAR = {2010},
    NUMBER = {5},
     PAGES = {1300--1321},
      issn = {0022-1236},
   MRCLASS = {60H15 (35R60 60H30)},
  MRNUMBER = {2652190},
MRREVIEWER = {Carlos M. Mora Gonz\'alez},
       DOI = {10.1016/j.jfa.2010.04.002},
       url = {https://doi.org/10.1016/j.jfa.2010.04.002},
}


@article {Debrabant08bsa,
    AUTHOR = {Debrabant, Kristian and Kv{\ae}rn\o , Anne},
     TITLE = {B-series analysis of stochastic {R}unge-{K}utta methods that
              use an iterative scheme to compute their internal stage
              values},
   JOURNAL = {SIAM J. Numer. Anal.},
  FJOURNAL = {SIAM Journal on Numerical Analysis},
    VOLUME = {47},
      YEAR = {2008/09},
    NUMBER = {1},
     PAGES = {181--203},
      issn = {0036-1429},
   MRCLASS = {65C30 (60H35)},
  MRNUMBER = {2452857},
MRREVIEWER = {Roger Pettersson},
       DOI = {10.1137/070704307},
       url = {http://dx.doi.org/10.1137/070704307},
}


@article {Debrabant09foe,
    AUTHOR = {Debrabant, Kristian and R\"o{\ss}ler, Andreas},
     TITLE = {Families of efficient second order {R}unge-{K}utta methods for
              the weak approximation of {I}t\^o stochastic differential
              equations},
   JOURNAL = {Appl. Numer. Math.},
  FJOURNAL = {Applied Numerical Mathematics. An IMACS Journal},
    VOLUME = {59},
      YEAR = {2009},
    NUMBER = {3-4},
     PAGES = {582--594},
      issn = {0168-9274},
   MRCLASS = {65C30},
  MRNUMBER = {2492277},
MRREVIEWER = {Michael J. Evans},
       DOI = {10.1016/j.apnum.2008.03.012},
       url = {http://dx.doi.org/10.1016/j.apnum.2008.03.012},
}


@article {Debrabant10rkm,
    AUTHOR = {Debrabant, Kristian},
     TITLE = {Runge-{K}utta methods for third order weak approximation of
              {SDE}s with multidimensional additive noise},
   JOURNAL = {BIT Numer. Math.},
  FJOURNAL = {BIT. Numerical Mathematics},
    VOLUME = {50},
      YEAR = {2010},
    NUMBER = {3},
     PAGES = {541--558},
      issn = {0006-3835},
   MRCLASS = {65C30 (60H35 65L06)},
  MRNUMBER = {2719827},
MRREVIEWER = {Thorsten Sickenberger},
       DOI = {10.1007/s10543-010-0276-2},
       url = {https://doi.org/10.1007/s10543-010-0276-2},
}


@article {Debrabant11cos,
    AUTHOR = {Debrabant, Kristian and Kv{\ae}rn\o , Anne},
     TITLE = {Composition of stochastic {B}-series with applications to
              implicit {T}aylor methods},
   JOURNAL = {Appl. Numer. Math.},
  FJOURNAL = {Applied Numerical Mathematics. An IMACS Journal},
    VOLUME = {61},
      YEAR = {2011},
    NUMBER = {4},
     PAGES = {501--511},
      issn = {0168-9274},
   MRCLASS = {65C30 (60H10)},
  MRNUMBER = {2754574},
MRREVIEWER = {Henri Schurz},
       DOI = {10.1016/j.apnum.2010.11.014},
       url = {http://dx.doi.org/10.1016/j.apnum.2010.11.014},
}


@article {Debussche11qns,
    AUTHOR = {Debussche, Arnaud and Tsutsumi, Yoshio},
     TITLE = {1{D} quintic nonlinear {S}chr\"odinger equation with white noise
              dispersion},
   JOURNAL = {J. Math. Pures Appl. (9)},
  FJOURNAL = {Journal de Math\'ematiques Pures et Appliqu\'ees. Neuvi\`eme S\'erie},
    VOLUME = {96},
      YEAR = {2011},
    NUMBER = {4},
     PAGES = {363--376},
      issn = {0021-7824},
   MRCLASS = {35Q55 (35R60 60H15)},
  MRNUMBER = {2832639},
MRREVIEWER = {Mar\'\i a J. Garrido-Atienza},
       DOI = {10.1016/j.matpur.2011.02.002},
       url = {https://doi.org/10.1016/j.matpur.2011.02.002},
}


@article {Debussche12wbe,
    AUTHOR = {Debussche, Arnaud and Faou, Erwan},
     TITLE = {Weak backward error analysis for {SDE}s},
   JOURNAL = {SIAM J. Numer. Anal.},
  FJOURNAL = {SIAM Journal on Numerical Analysis},
    VOLUME = {50},
      YEAR = {2012},
    NUMBER = {3},
     PAGES = {1735--1752},
      issn = {0036-1429},
   MRCLASS = {65C30 (60H35)},
  MRNUMBER = {2970763},
MRREVIEWER = {Edward J. Allen},
       DOI = {10.1137/110831544},
       url = {http://dx.doi.org/10.1137/110831544},
}

@Article{Delarue2015tle,
 Author = {Delarue, Fran{\c{c}}ois and Menozzi, St{\'e}phane and Nualart, Eulalia},
 Title = {The {Landau} equation for {Maxwellian} molecules and the {Brownian} motion on {{\(\mathrm{SO}_N(\mathbb R)\)}}},
 FJournal = {Electronic Journal of Probability},
 Journal = {Electron. J. Probab.},
 ISSN = {1083-6489},
 Volume = {20},
 Pages = {39},
 Note = {Id/No 92},
 Year = {2015},
 DOI = {10.1214/EJP.v20-4012}
}

@incollection {Diaconis13sfa,
    AUTHOR = {Diaconis, Persi and Holmes, Susan and Shahshahani, Mehrdad},
     TITLE = {Sampling from a manifold},
 BOOKTITLE = {Advances in modern statistical theory and applications: a
              {F}estschrift in honor of {M}orris {L}. {E}aton},
    SERIES = {Inst. Math. Stat. (IMS) Collect.},
    VOLUME = {10},
     PAGES = {102--125},
 PUBLISHER = {Inst. Math. Statist., Beachwood, OH},
      YEAR = {2013},
   MRCLASS = {62H11 (28A75 62G10)},
  MRNUMBER = {3586941},
MRREVIEWER = {Melissa A. Bingham},
}


@article{DiGiovacchino23bea,
      title={Backward error analysis and the qualitative behaviour of stochastic optimization algorithms: Application to stochastic coordinate descent}, 
      author={Stefano Di Giovacchino and Desmond J. Higham and Konstantinos Zygalakis},
      JOURNAL = {Submitted},
      year={2023},
      eprint={2309.02082},
      archivePrefix={arXiv}
}


@article{Dotsenko24vpo,
  title={Volume preservation of {B}utcher series methods from the operad viewpoint},
  author={Dotsenko, Vladimir and Laubie, Paul},
  journal={arXiv preprint arXiv:2411.14143},
  year={2024}
}


@article {Ducros00hof,
    AUTHOR = {Ducros, F. and Laporte, F. and Soul\`eres, T. and Guinot, V. and
              Moinat, P. and Caruelle, B.},
     TITLE = {High-order fluxes for conservative skew-symmetric-like schemes
              in structured meshes: application to compressible flows},
   JOURNAL = {J. Comput. Phys.},
  FJOURNAL = {Journal of Computational Physics},
    VOLUME = {161},
      YEAR = {2000},
    NUMBER = {1},
     PAGES = {114--139},
      issn = {0021-9991},
   MRCLASS = {76M12 (76M20)},
  MRNUMBER = {1762075},
       DOI = {10.1006/jcph.2000.6492},
       url = {https://doi.org/10.1006/jcph.2000.6492},
}


@article {Duncan16vru,
     AUTHOR = {Duncan, A. B. and Leli\`evre, T. and Pavliotis, G. A.},
      TITLE = {Variance reduction using nonreversible {L}angevin samplers},
    JOURNAL = {J. Stat. Phys.},
   FJOURNAL = {Journal of Statistical Physics},
     VOLUME = {163},
       YEAR = {2016},
     NUMBER = {3},
      PAGES = {457--491},
       issn = {0022-4715},
    MRCLASS = {82C31},
   MRNUMBER = {3483241},
MRREVIEWER = {Horacio Grinberg},
        DOI = {10.1007/s10955-016-1491-2},
        url = {http://dx.doi.org/10.1007/s10955-016-1491-2},
}


@article {Ebrahimi15otl,
    AUTHOR = {Ebrahimi-Fard, Kurusch and Lundervold, Alexander and
              Munthe-Kaas, Hans Z.},
     TITLE = {On the {L}ie enveloping algebra of a post-{L}ie algebra},
   JOURNAL = {J. Lie Theory},
  FJOURNAL = {Journal of Lie Theory},
    VOLUME = {25},
      YEAR = {2015},
    NUMBER = {4},
     PAGES = {1139--1165},
      issn = {0949-5932},
   MRCLASS = {17B35 (16T30 17D25 22E05 65L06)},
  MRNUMBER = {3350091},
MRREVIEWER = {K. Strambach},
}


@article{Ebrahimi15tel,
  title={The exponential {L}ie series for continuous semimartingales},
  author={Ebrahimi-Fard, Kurusch and Malham, Simon JA and Patras, Frederic and Wiese, Anke},
  journal={Proceedings of the Royal Society A: Mathematical, Physical and Engineering Sciences},
  volume={471},
  number={2184},
  pages={20150429},
  year={2015},
  publisher={The Royal Society Publishing}
}


@article{Ebrahimi24aso,
author = {Kurusch Ebrahimi-Fard and Ludwig Rahm},
title = {A survey on the {M}unthe-{K}aas–{W}right {H}opf algebra},
journal = {Journal of Computational Dynamics},
pages = {},
year = {2024},
issn = {2158-2491},
doi = {10.3934/jcd.2024025},
url = {https://www.aimsciences.org/article/id/669e06f2ccc233010c6dbebe},
}


@article{Eftekhari21esg,
  title={Explicit stabilised gradient descent for faster strongly convex optimisation},
  author={Eftekhari, Armin and Vandereycken, Bart and Vilmart, Gilles and Zygalakis, Konstantinos C},
   JOURNAL = {BIT Numer. Math.},
  FJOURNAL = {BIT. Numerical Mathematics},
  volume={61},
  pages={119--139},
  year={2021},
  publisher={Springer}
}


@article{Engo01dao,
  title={DiffMan: An object-oriented MATLAB toolbox for solving differential equations on manifolds},
  author={Eng{\o}, Kenth and Marthinsen, Arne and Munthe-Kaas, Hans Z},
  journal={Applied numerical mathematics},
  volume={39},
  number={3-4},
  pages={323--347},
  year={2001},
  publisher={Elsevier}
}


@article {Erdogan19anc,
    AUTHOR = {Erdo\u{g}an, Utku and Lord, Gabriel J.},
     TITLE = {A new class of exponential integrators for {SDE}s with
              multiplicative noise},
   JOURNAL = {IMA J. Numer. Anal.},
  FJOURNAL = {IMA Journal of Numerical Analysis},
    VOLUME = {39},
      YEAR = {2019},
    NUMBER = {2},
     PAGES = {820--846},
      issn = {0272-4979},
   MRCLASS = {65C30 (60H10)},
  MRNUMBER = {3941886},
MRREVIEWER = {A. Gallegos},
       DOI = {10.1093/imanum/dry008},
       url = {https://doi.org/10.1093/imanum/dry008},
}


@book {Evans13ait,
    AUTHOR = {Evans, Lawrence C.},
     TITLE = {An introduction to stochastic differential equations},
 PUBLISHER = {American Mathematical Society, Providence, RI},
      YEAR = {2013},
     PAGES = {viii+151},
      ISBN = {978-1-4704-1054-4},
   MRCLASS = {60H10 (35R60 60H05 60H30 60J65)},
  MRNUMBER = {3154922},
MRREVIEWER = {Jan I. Seidler},
       DOI = {10.1090/mbk/082},
       url = {https://doi.org/10.1090/mbk/082},
}


@article {Faou09csd,
    AUTHOR = {Faou, Erwan and Leli\`evre, Tony},
     TITLE = {Conservative stochastic differential equations: mathematical
              and numerical analysis},
   JOURNAL = {Math. Comp.},
  FJOURNAL = {Mathematics of Computation},
    VOLUME = {78},
      YEAR = {2009},
    NUMBER = {268},
     PAGES = {2047--2074},
      issn = {0025-5718},
   MRCLASS = {60H10 (65C30)},
  MRNUMBER = {2521278},
MRREVIEWER = {Fr\'{e}d\'{e}ric Bernardin},
       DOI = {10.1090/S0025-5718-09-02220-0},
       url = {https://doi.org/10.1090/S0025-5718-09-02220-0},
}


@book {Faou12gni,
    AUTHOR = {Faou, Erwan},
     TITLE = {Geometric numerical integration and {S}chr\"{o}dinger
              equations},
    SERIES = {Zurich Lectures in Advanced Mathematics},
 PUBLISHER = {European Mathematical Society (EMS), Z\"{u}rich},
      YEAR = {2012},
     PAGES = {xiii+138},
      ISBN = {978-3-03719-100-2},
   MRCLASS = {65P10 (35Q55)},
  MRNUMBER = {2895408},
       DOI = {10.4171/100},
       url = {https://doi.org/10.4171/100},
}


@article {Faou20lwt,
    AUTHOR = {Faou, Erwan},
     TITLE = {Linearized wave turbulence convergence results for three-wave
              systems},
   JOURNAL = {Comm. Math. Phys.},
  FJOURNAL = {Communications in Mathematical Physics},
    VOLUME = {378},
      YEAR = {2020},
    NUMBER = {2},
     PAGES = {807--849},
      issn = {0010-3616},
   MRCLASS = {35L60 (60H15)},
  MRNUMBER = {4134935},
       DOI = {10.1007/s00220-020-03799-w},
       url = {https://doi.org/10.1007/s00220-020-03799-w},
}


@book {Flajolet09ac,
    AUTHOR = {Flajolet, Philippe and Sedgewick, Robert},
     TITLE = {Analytic combinatorics},
 PUBLISHER = {Cambridge University Press, Cambridge},
      YEAR = {2009},
     PAGES = {xiv+810},
      ISBN = {978-0-521-89806-5},
   MRCLASS = {05-02 (05A15 05A16 60C05 60E10 82-01)},
  MRNUMBER = {2483235},
       DOI = {10.1017/CBO9780511801655},
       url = {https://doi.org/10.1017/CBO9780511801655},
}


@inproceedings{Floystad18pap,
  title={Pre- and post-{L}ie algebras: the algebro-geometric view},
  author={Fl{\o}ystad, Gunnar and Munthe-Kaas, Hans},
  booktitle={Computation and Combinatorics in Dynamics, Stochastics and Control: The Abel Symposium, Rosendal, Norway, August 2016},
  pages={321--367},
  year={2018},
  organization={Springer}
}



@incollection {Floystad20tup,
    AUTHOR = {Fl{\o}ystad, Gunnar and Manchon, Dominique and Munthe-Kaas, Hans
              Z.},
     TITLE = {The universal pre-{L}ie-{R}inehart algebras of aromatic trees},
 BOOKTITLE = {Geometric and harmonic analysis on homogeneous spaces and
              applications},
    SERIES = {Springer Proc. Math. Stat.},
    VOLUME = {366},
     PAGES = {137--159},
 PUBLISHER = {Springer, Cham},
      YEAR = {[2021] \copyright 2021},
   MRCLASS = {17D25 (17A50)},
  MRNUMBER = {4378950},
       DOI = {10.1007/978-3-030-78346-4\_9},
       url = {https://doi.org/10.1007/978-3-030-78346-4_9},
}


@article {Foissy02fdc,
    AUTHOR = {Foissy, L.},
     TITLE = {Finite-dimensional comodules over the {H}opf algebra of rooted
              trees},
   JOURNAL = {J. Algebra},
  FJOURNAL = {Journal of Algebra},
    VOLUME = {255},
      YEAR = {2002},
    NUMBER = {1},
     PAGES = {89--120},
      issn = {0021-8693,1090-266X},
   MRCLASS = {16W30 (81T18)},
  MRNUMBER = {1935036},
MRREVIEWER = {Nicola\ Ciccoli},
       DOI = {10.1016/S0021-8693(02)00110-2},
       url = {https://doi.org/10.1016/S0021-8693(02)00110-2},
}


@article{Foissyith,
  title={Introduction to {H}opf algebra of rooted trees},
  author={Foissy, L},
  journal={Preprint}
}


@article {Foissy21aso,
    AUTHOR = {Foissy, Lo\"{\i}c},
     TITLE = {Algebraic structures on typed decorated rooted trees},
   JOURNAL = {SIGMA Symmetry Integrability Geom. Methods Appl.},
  FJOURNAL = {SIGMA. Symmetry, Integrability and Geometry. Methods and
              Applications},
    VOLUME = {17},
      YEAR = {2021},
     PAGES = {Paper No. 086, 28},
      issn = {1815-0659},
   MRCLASS = {05C05 (16T30 17D25 18M60)},
  MRNUMBER = {4315488},
MRREVIEWER = {Ali\ Shojaei-Fard},
       DOI = {10.3842/SIGMA.2021.086},
       url = {https://doi.org/10.3842/SIGMA.2021.086},
}


@book {Folland99ra,
    AUTHOR = {Folland, Gerald B.},
     TITLE = {Real analysis},
    SERIES = {Pure and Applied Mathematics (New York)},
   EDITION = {Second},
      NOTE = {Modern techniques and their applications,
              A Wiley-Interscience Publication},
 PUBLISHER = {John Wiley \& Sons, Inc., New York},
      YEAR = {1999},
     PAGES = {xvi+386},
      ISBN = {0-471-31716-0},
   MRCLASS = {00A05 (26-01 28-01 46-01)},
  MRNUMBER = {1681462},
}


@article {Frigessi00aco,
    AUTHOR = {Frigessi, Arnoldo and G\aa{}semyr, J\o{}rund and Rue, H\aa{}vard},
     TITLE = {Antithetic coupling of two {G}ibbs sampler chains},
   JOURNAL = {Ann. Statist.},
  FJOURNAL = {The Annals of Statistics},
    VOLUME = {28},
      YEAR = {2000},
    NUMBER = {4},
     PAGES = {1128--1149},
      issn = {0090-5364},
   MRCLASS = {62M05 (60J10 62F15 62M10 65C05)},
  MRNUMBER = {1810922},
MRREVIEWER = {Bruno Betr\`o},
       DOI = {10.1214/aos/1015956710},
       url = {https://doi.org/10.1214/aos/1015956710},
}


@book {Friz20aco,
    AUTHOR = {Friz, Peter K. and Hairer, Martin},
     TITLE = {A course on rough paths},
    SERIES = {Universitext},
      NOTE = {With an introduction to regularity structures,
      Second edition of [3289027]},
 PUBLISHER = {Springer, Cham},
      YEAR = {[2020] \copyright 2020},
     PAGES = {xvi+346},
      ISBN = {978-3-030-41556-3; 978-3-030-41555-6},
   MRCLASS = {60Lxx (34F05 35R60 60Hxx 93E03)},
  MRNUMBER = {4174393},
MRREVIEWER = {Fabrice Baudoin},
       DOI = {10.1007/978-3-030-41556-3},
       url = {https://doi.org/10.1007/978-3-030-41556-3},
}


@incollection {Gander15yot,
    AUTHOR = {Gander, Martin J.},
     TITLE = {50 years of time parallel time integration},
 BOOKTITLE = {Multiple shooting and time domain decomposition methods},
    SERIES = {Contrib. Math. Comput. Sci.},
    VOLUME = {9},
     PAGES = {69--113},
 PUBLISHER = {Springer, Cham},
      YEAR = {2015},
   MRCLASS = {65L05 (01A65 65-03 65Y05)},
  MRNUMBER = {3676210},
}


@article{Garnier02sod,
  title={Stabilization of dispersion-managed solitons in random optical fibers by strong dispersion management},
  author={Garnier, J},
  journal={Opt. Commun.},
  fjournal={Optics communications},
  volume={206},
  number={4-6},
  pages={411--438},
  year={2002},
  publisher={Elsevier}
}


@incollection{Gikhman07sde,
  title={Stochastic differential equations},
  author={Gikhman, Iosif Ilyich and Skorokhod, Anatoli Vladimirovich},
  booktitle={The Theory of Stochastic Processes III},
  pages={113--219},
  year={2007},
  publisher={Springer}
}


@article {Giles08mmc,
    AUTHOR = {Giles, Michael B.},
     TITLE = {Multilevel {M}onte {C}arlo path simulation},
   JOURNAL = {Oper. Res.},
  FJOURNAL = {Operations Research},
    VOLUME = {56},
      YEAR = {2008},
    NUMBER = {3},
     PAGES = {607--617},
      issn = {0030-364X},
   MRCLASS = {65C05 (68Q25 91B28)},
  MRNUMBER = {2436856},
MRREVIEWER = {Gunther Leobacher},
       DOI = {10.1287/opre.1070.0496},
       url = {https://doi.org/10.1287/opre.1070.0496},
}


@article {Giles15mmc,
    AUTHOR = {Giles, Michael B.},
     TITLE = {Multilevel {M}onte {C}arlo methods},
   JOURNAL = {Acta Numer.},
  FJOURNAL = {Acta Numerica},
    VOLUME = {24},
      YEAR = {2015},
     PAGES = {259--328},
      issn = {0962-4929},
   MRCLASS = {65C05},
  MRNUMBER = {3349310},
MRREVIEWER = {Marco Bee},
       DOI = {10.1017/S096249291500001X},
       url = {https://doi.org/10.1017/S096249291500001X},
}


@article {Girolami11rml,
    AUTHOR = {Girolami, Mark and Calderhead, Ben},
     TITLE = {Riemann manifold {L}angevin and {H}amiltonian {M}onte {C}arlo
              methods},
      NOTE = {With discussion and a reply by the authors},
   JOURNAL = {J. R. Stat. Soc. Ser. B Stat. Methodol.},
  FJOURNAL = {Journal of the Royal Statistical Society. Series B.
              Statistical Methodology},
    VOLUME = {73},
      YEAR = {2011},
    NUMBER = {2},
     PAGES = {123--214},
      issn = {1369-7412},
   MRCLASS = {62F99 (62F15 62H11 65C05)},
  MRNUMBER = {2814492},
       DOI = {10.1111/j.1467-9868.2010.00765.x},
       url = {https://doi.org/10.1111/j.1467-9868.2010.00765.x},
}


@book {Goldfeld06afa,
    AUTHOR = {Goldfeld, Dorian},
     TITLE = {Automorphic forms and {$L$}-functions for the group {${\rm
              GL}(n,\textbf{R})$}},
    SERIES = {Cambridge Studies in Advanced Mathematics},
    VOLUME = {99},
      NOTE = {With an appendix by Kevin A. Broughan},
 PUBLISHER = {Cambridge University Press, Cambridge},
      YEAR = {2006},
     PAGES = {xiv+493},
      ISBN = {978-0-521-83771-2; 0-521-83771-5},
   MRCLASS = {11F55 (11F66 11F70 11R39)},
  MRNUMBER = {2254662},
MRREVIEWER = {Emmanuel P. Royer},
       DOI = {10.1017/CBO9780511542923},
       url = {https://doi.org/10.1017/CBO9780511542923},
}


@article{Goldman96nto,
  title={N th-order operator splitting schemes and nonreversible systems},
  author={Goldman, Daniel and Kaper, Tasso J},
  journal={SIAM journal on numerical analysis},
  volume={33},
  number={1},
  pages={349--367},
  year={1996},
  publisher={SIAM}
}


@article {Gonzalez99qpo,
    AUTHOR = {Gonzalez, O. and Higham, D. J. and Stuart, A. M.},
     TITLE = {Qualitative properties of modified equations},
   JOURNAL = {IMA J. Numer. Anal.},
  FJOURNAL = {IMA Journal of Numerical Analysis},
    VOLUME = {19},
      YEAR = {1999},
    NUMBER = {2},
     PAGES = {169--190},
      issn = {0272-4979,1464-3642},
   MRCLASS = {65L05},
  MRNUMBER = {1685999},
MRREVIEWER = {Ekkehard\ Wagenf\"{u}hrer},
       DOI = {10.1093/imanum/19.2.169},
       url = {https://doi.org/10.1093/imanum/19.2.169},
}


@article{Goudenege23nao,
  title={Numerical approximation of SDEs with fractional noise and distributional drift},
  author={Gouden{\`e}ge, Ludovic and Haress, El Mehdi and Richard, Alexandre},
  journal={arXiv:2302.11455},
  year={2023}
}


@article {Griffiths86ots,
    AUTHOR = {Griffiths, D. F. and Sanz-Serna, J. M.},
     TITLE = {On the scope of the method of modified equations},
   JOURNAL = {SIAM J. Sci. Statist. Comput.},
  FJOURNAL = {Society for Industrial and Applied Mathematics. Journal on
              Scientific and Statistical Computing},
    VOLUME = {7},
      YEAR = {1986},
    NUMBER = {3},
     PAGES = {994--1008},
      issn = {0196-5204},
   MRCLASS = {65L05 (65L10 65M05 65M10)},
  MRNUMBER = {848574},
       DOI = {10.1137/0907067},
       url = {https://doi.org/10.1137/0907067},
}


@article{Grong23pla,
  title={Post-Lie Algebra Structure of Manifolds with Constant Curvature and Torsion},
  author={Grong, Erlend and Munthe-Kaas, Hans Z and Stava, Jonatan},
  journal={arXiv preprint arXiv:2305.02688},
  year={2023}
}



@article {Gubinelli10ror,
    AUTHOR = {Gubinelli, Massimiliano},
     TITLE = {Ramification of rough paths},
   JOURNAL = {J. Differential Equations},
  FJOURNAL = {Journal of Differential Equations},
    VOLUME = {248},
      YEAR = {2010},
    NUMBER = {4},
     PAGES = {693--721},
      issn = {0022-0396},
   MRCLASS = {60H99 (16T30 65L99)},
  MRNUMBER = {2578445},
MRREVIEWER = {Antoine J. Lejay},
       DOI = {10.1016/j.jde.2009.11.015},
       url = {https://doi.org/10.1016/j.jde.2009.11.015},
}


@article {Hairer74otb,
    AUTHOR = {Hairer, E. and Wanner, G.},
     TITLE = {On the {B}utcher group and general multi-value methods},
   JOURNAL = {Computing (Arch. Elektron. Rechnen)},
    VOLUME = {13},
      YEAR = {1974},
    NUMBER = {1},
     PAGES = {1--15},
   MRCLASS = {65L05},
  MRNUMBER = {0403225},
MRREVIEWER = {J. C. Butcher},
}


@book {Hairer93sod,
    AUTHOR = {Hairer, E. and N\o rsett, S. P. and Wanner, G.},
     TITLE = {Solving ordinary differential equations. {I}},
    SERIES = {Springer Series in Computational Mathematics},
    VOLUME = {8},
   EDITION = {Second},
      NOTE = {Nonstiff problems},
 PUBLISHER = {Springer-Verlag, Berlin},
      YEAR = {1993},
     PAGES = {xvi+528},
      ISBN = {3-540-56670-8},
   MRCLASS = {65-02 (34A50 65L99)},
  MRNUMBER = {1227985},
}


@article {Hairer94bao,
    AUTHOR = {Hairer, Ernst},
     TITLE = {Backward analysis of numerical integrators and symplectic
              methods},
      NOTE = {Scientific computation and differential equations (Auckland,
              1993)},
   JOURNAL = {Ann. Numer. Math.},
  FJOURNAL = {Annals of Numerical Mathematics},
    VOLUME = {1},
      YEAR = {1994},
    NUMBER = {1-4},
     PAGES = {107--132},
      issn = {1021-2655},
   MRCLASS = {65L06 (34A45 70-08)},
  MRNUMBER = {1340649},
}


@article {Hairer99bea,
    AUTHOR = {Hairer, Ernst},
     TITLE = {Backward error analysis for multistep methods},
   JOURNAL = {Numer. Math.},
  FJOURNAL = {Numerische Mathematik},
    VOLUME = {84},
      YEAR = {1999},
    NUMBER = {2},
     PAGES = {199--232},
      issn = {0029-599X},
   MRCLASS = {65L05 (34A45 37M99 65L06 70-08)},
  MRNUMBER = {1730017},
MRREVIEWER = {H. Brunner},
       DOI = {10.1007/s002110050469},
       url = {https://doi.org/10.1007/s002110050469},
}


@book {Hairer06gni,
    AUTHOR = {Hairer, Ernst and Lubich, Christian and Wanner, Gerhard},
     TITLE = {Geometric numerical integration},
    SERIES = {Springer Series in Computational Mathematics},
    VOLUME = {31},
   EDITION = {Second},
      NOTE = {Structure-preserving algorithms for ordinary differential
              equations},
 PUBLISHER = {Springer-Verlag, Berlin},
      YEAR = {2006},
     PAGES = {xviii+644},
      ISBN = {3-540-30663-3; 978-3-540-30663-4},
   MRCLASS = {65-02 (37M15 65Lxx 65P10 70-08)},
  MRNUMBER = {2221614},
  DOI={10.1007/3-540-30666-8}
}


@incollection {Hairer06lte,
    AUTHOR = {Hairer, Ernst},
     TITLE = {Long-time energy conservation of numerical integrators},
 BOOKTITLE = {Foundations of computational mathematics, {S}antander 2005},
    SERIES = {London Math. Soc. Lecture Note Ser.},
    VOLUME = {331},
     PAGES = {162--180},
 PUBLISHER = {Cambridge Univ. Press, Cambridge},
      YEAR = {2006},
   MRCLASS = {37M15 (65P10 70-08)},
  MRNUMBER = {2277105},
MRREVIEWER = {Melvin Leok},
       DOI = {10.1017/CBO9780511721571.005},
       url = {https://doi.org/10.1017/CBO9780511721571.005},
}


@book {Hairer10sod,
    AUTHOR = {Hairer, E. and Wanner, G.},
     TITLE = {Solving ordinary differential equations. {II}},
    SERIES = {Springer Series in Computational Mathematics},
    VOLUME = {14},
      NOTE = {Stiff and differential-algebraic problems,
              Second revised edition, paperback},
 PUBLISHER = {Springer-Verlag, Berlin},
      YEAR = {2010},
     PAGES = {xvi+614},
      ISBN = {978-3-642-05220-0},
   MRCLASS = {65-02 (65Lxx)},
  MRNUMBER = {2657217},
       DOI = {10.1007/978-3-642-05221-7},
       url = {https://doi.org/10.1007/978-3-642-05221-7},
}


@article {Hairer14edi,
    AUTHOR = {Hairer, Ernst and Lubich, Christian},
     TITLE = {Energy-diminishing integration of gradient systems},
   JOURNAL = {IMA J. Numer. Anal.},
  FJOURNAL = {IMA Journal of Numerical Analysis},
    VOLUME = {34},
      YEAR = {2014},
    NUMBER = {2},
     PAGES = {452--461},
      issn = {0272-4979},
   MRCLASS = {65L05 (65L06)},
  MRNUMBER = {3194795},
MRREVIEWER = {Philip W. Sharp},
       DOI = {10.1093/imanum/drt031},
       url = {https://doi.org/10.1093/imanum/drt031},
}


@article {Hairer15gvn,
    AUTHOR = {Hairer, Martin and Kelly, David},
     TITLE = {Geometric versus non-geometric rough paths},
   JOURNAL = {Ann. Inst. Henri Poincar\'{e} Probab. Stat.},
  FJOURNAL = {Annales de l'Institut Henri Poincar\'{e} Probabilit\'{e}s et
              Statistiques},
    VOLUME = {51},
      YEAR = {2015},
    NUMBER = {1},
     PAGES = {207--251},
      issn = {0246-0203},
   MRCLASS = {60H10},
  MRNUMBER = {3300969},
MRREVIEWER = {Keisuke Hara},
       DOI = {10.1214/13-AIHP564},
       url = {https://doi.org/10.1214/13-AIHP564},
}


@article{Hansen09esf,
  title={Exponential splitting for unbounded operators},
  author={Hansen, Eskil and Ostermann, Alexander},
  journal={Mathematics of computation},
  volume={78},
  number={267},
  pages={1485--1496},
  year={2009}
}


@article{Hansen09hos,
  title={High order splitting methods for analytic semigroups exist},
  author={Hansen, Eskil and Ostermann, Alexander},
   JOURNAL = {BIT Numer. Math.},
  FJOURNAL = {BIT. Numerical Mathematics},
  volume={49},
  number={3},
  pages={527--542},
  year={2009},
  publisher={Springer}
}


@book {Hasminskii80sso,
    AUTHOR = {Hasminskii, R. Z.},
     TITLE = {Stochastic stability of differential equations},
    SERIES = {Monographs and Textbooks on Mechanics of Solids and Fluids:
              Mechanics and Analysis},
    VOLUME = {7},
      NOTE = {Translated from the Russian by D. Louvish},
 PUBLISHER = {Sijthoff \&\ Noordhoff, Alphen aan den Rijn---Germantown, Md.},
      YEAR = {1980},
     PAGES = {xvi+344},
      ISBN = {90-286-0100-7},
   MRCLASS = {60H10 (34H05 93-01 94-01)},
  MRNUMBER = {600653},
}


@article {Hastings70mcs,
    AUTHOR = {Hastings, W. K.},
     TITLE = {Monte {C}arlo sampling methods using {M}arkov chains and their
              applications},
   JOURNAL = {Biometrika},
  FJOURNAL = {Biometrika},
    VOLUME = {57},
      YEAR = {1970},
    NUMBER = {1},
     PAGES = {97--109},
      issn = {0006-3444},
   MRCLASS = {65C05 (11K45 60J22)},
  MRNUMBER = {3363437},
       DOI = {10.1093/biomet/57.1.97},
       url = {https://doi.org/10.1093/biomet/57.1.97},
}


@article {Heinrich98mcc,
    AUTHOR = {Heinrich, S.},
     TITLE = {Monte {C}arlo complexity of global solution of integral
              equations},
   JOURNAL = {J. Complexity},
  FJOURNAL = {Journal of Complexity},
    VOLUME = {14},
      YEAR = {1998},
    NUMBER = {2},
     PAGES = {151--175},
      issn = {0885-064X},
   MRCLASS = {65Y20 (45L05 65C05 65R20)},
  MRNUMBER = {1629093},
MRREVIEWER = {Erich Novak},
       DOI = {10.1006/jcom.1998.0471},
       url = {https://doi.org/10.1006/jcom.1998.0471},
}


@book{Helgason24dga,
  title={Differential geometry and symmetric spaces},
  author={Helgason, Sigurdur},
  volume={341},
  year={2024},
  publisher={American Mathematical Society}
}


@incollection {Hereman05cad,
    AUTHOR = {Hereman, Willy and Colagrosso, Michael and Sayers, Ryan and Ringler, Adam and Deconinck, Bernard and Nivala, Michael and Hickman, Mark},
     TITLE = {Continuous and discrete homotopy operators and the computation of conservation laws},
 BOOKTITLE = {Differential equations with symbolic computation},
    SERIES = {Trends Math.},
     PAGES = {255--290},
 PUBLISHER = {Birkh\"{a}user, Basel},
      YEAR = {2005},
   MRCLASS = {65Y15 (35A30 35Q53 35Q58 35R10 37-04 37K05)},
  MRNUMBER = {2187384},
MRREVIEWER = {Victor V. Zharinov},
       DOI = {10.1007/3-7643-7429-2\_15},
       url = {https://doi.org/10.1007/3-7643-7429-2_15},
}


@article {Hereman07cad,
    AUTHOR = {Hereman, W. and Deconinck, B. and Poole, L. D.},
     TITLE = {Continuous and discrete homotopy operators: a theoretical approach made concrete},
   JOURNAL = {Math. Comput. Simulation},
  FJOURNAL = {Mathematics and Computers in Simulation},
    VOLUME = {74},
      YEAR = {2007},
    NUMBER = {4-5},
     PAGES = {352--360},
      issn = {0378-4754},
   MRCLASS = {37K05 (35A25 37M15)},
  MRNUMBER = {2323326},
MRREVIEWER = {I. S. Krasil\cprime shchik},
       DOI = {10.1016/j.matcom.2006.10.012},
       url = {https://doi.org/10.1016/j.matcom.2006.10.012},
}


@article {Higham01aai,
    AUTHOR = {Higham, Desmond J.},
     TITLE = {An algorithmic introduction to numerical simulation of
              stochastic differential equations},
   JOURNAL = {SIAM Rev.},
  FJOURNAL = {SIAM Review},
    VOLUME = {43},
      YEAR = {2001},
    NUMBER = {3},
     PAGES = {525--546},
      issn = {0036-1445},
   MRCLASS = {65C30 (60H10 60H35 65C20)},
  MRNUMBER = {1872387},
MRREVIEWER = {Edward J. Allen},
       DOI = {10.1137/S0036144500378302},
       url = {https://doi.org/10.1137/S0036144500378302},
}


@article {Hirota00dote,
    AUTHOR = {Hirota, Ryogo and Kimura, Kinji},
     TITLE = {Discretization of the {E}uler top},
   JOURNAL = {J. Phys. Soc. Japan},
  FJOURNAL = {Journal of the Physical Society of Japan},
    VOLUME = {69},
      YEAR = {2000},
    NUMBER = {3},
     PAGES = {627--630},
      issn = {0031-9015},
   MRCLASS = {70E40 (37J35 70H05)},
  MRNUMBER = {1766202},
       DOI = {10.1143/JPSJ.69.627},
       url = {https://doi.org/10.1143/JPSJ.69.627},
}


@article {Hirota00dotl,
    AUTHOR = {Hirota, Ryogo and Kimura, Kinji},
     TITLE = {Discretization of the {L}agrange top},
   JOURNAL = {J. Phys. Soc. Japan},
  FJOURNAL = {Journal of the Physical Society of Japan},
    VOLUME = {69},
      YEAR = {2000},
    NUMBER = {10},
     PAGES = {3193--3199},
      issn = {0031-9015},
   MRCLASS = {70E17 (39A12 70H06)},
  MRNUMBER = {1799319},
MRREVIEWER = {Andrew D. Lewis},
       DOI = {10.1143/JPSJ.69.3193},
       url = {https://doi.org/10.1143/JPSJ.69.3193},
}


@article {Hochbruck05eer,
    AUTHOR = {Hochbruck, Marlis and Ostermann, Alexander},
     TITLE = {Explicit exponential {R}unge-{K}utta methods for semilinear
              parabolic problems},
   JOURNAL = {SIAM J. Numer. Anal.},
  FJOURNAL = {SIAM Journal on Numerical Analysis},
    VOLUME = {43},
      YEAR = {2005},
    NUMBER = {3},
     PAGES = {1069--1090},
      issn = {0036-1429},
   MRCLASS = {65M20 (65L06)},
  MRNUMBER = {2177796},
MRREVIEWER = {Inmaculada Higueras},
       DOI = {10.1137/040611434},
       url = {https://doi.org/10.1137/040611434},
}


@article {Hoffman03cor,
    AUTHOR = {Hoffman, Michael E.},
     TITLE = {Combinatorics of rooted trees and {H}opf algebras},
   JOURNAL = {Trans. Amer. Math. Soc.},
  FJOURNAL = {Transactions of the American Mathematical Society},
    VOLUME = {355},
      YEAR = {2003},
    NUMBER = {9},
     PAGES = {3795--3811},
      issn = {0002-9947},
   MRCLASS = {16W30 (05C05 81T15)},
  MRNUMBER = {1990174},
MRREVIEWER = {Loic Foissy},
       DOI = {10.1090/S0002-9947-03-03317-8},
       url = {https://doi.org/10.1090/S0002-9947-03-03317-8},
}


@article {Hofmann00oao,
    AUTHOR = {Hofmann, Norbert and M\"{u}ller-Gronbach, Thomas and Ritter,
              Klaus},
     TITLE = {Optimal approximation of stochastic differential equations by
              adaptive step-size control},
   JOURNAL = {Math. Comp.},
  FJOURNAL = {Mathematics of Computation},
    VOLUME = {69},
      YEAR = {2000},
    NUMBER = {231},
     PAGES = {1017--1034},
      issn = {0025-5718},
   MRCLASS = {65C30 (60H10 65L99)},
  MRNUMBER = {1677407},
MRREVIEWER = {Denis Talay},
       DOI = {10.1090/S0025-5718-99-01177-1},
       url = {https://doi.org/10.1090/S0025-5718-99-01177-1},
}


@book {Hong22sio,
    AUTHOR = {Hong, Jialin and Sun, Liying},
     TITLE = {Symplectic integration of stochastic {H}amiltonian systems},
    SERIES = {Lecture Notes in Mathematics},
    VOLUME = {2314},
 PUBLISHER = {Springer, Singapore},
      YEAR = {[2022] \copyright 2022},
     PAGES = {xii+298},
      ISBN = {978-981-19-7669-8; 978-981-19-7670-4},
   MRCLASS = {65P10},
  MRNUMBER = {4628103},
       DOI = {10.1007/978-981-19-7670-4},
       url = {https://doi.org/10.1007/978-981-19-7670-4},
}


@article {Honore20sna,
    AUTHOR = {Honor\'{e}, Igor},
     TITLE = {Sharp non-asymptotic concentration inequalities for the
              approximation of the invariant distribution of a diffusion},
   JOURNAL = {Stochastic Process. Appl.},
  FJOURNAL = {Stochastic Processes and their Applications},
    VOLUME = {130},
      YEAR = {2020},
    NUMBER = {4},
     PAGES = {2127--2158},
      issn = {0304-4149},
   MRCLASS = {60J60 (60E15)},
  MRNUMBER = {4074695},
       DOI = {10.1016/j.spa.2019.06.012},
       url = {https://doi.org/10.1016/j.spa.2019.06.012},
}


@book {Hsu02sao,
    AUTHOR = {Hsu, Elton P.},
     TITLE = {Stochastic analysis on manifolds},
    SERIES = {Graduate Studies in Mathematics},
    VOLUME = {38},
 PUBLISHER = {American Mathematical Society, Providence, RI},
      YEAR = {2002},
     PAGES = {xiv+281},
      ISBN = {0-8218-0802-8},
   MRCLASS = {58J65 (60-02 60G48 60H05 60H10 60J60 60J65)},
  MRNUMBER = {1882015},
MRREVIEWER = {Yu. E. Gliklikh},
       DOI = {10.1090/gsm/038},
       url = {https://doi.org/10.1090/gsm/038},
}


@phdthesis{Huguet20sco,
  title={Stochastic calculus on manifold and application to functional inequalities},
  author={Huguet, Baptiste},
  year={2020},
  school={Universit{\'e} de Bordeaux}
}


@article{Huguet22IRF,
	AUTHOR ="Huguet, Baptiste",
	TITLE ="Intertwining relations for diffusions in manifolds and applications to functional inequalities",
	year ={2022},
	journal = "Stoch. Proc. and their App.",
	pages = "1--28",
	volume = "145"
}


@article{Huguet24pia,
  title={Poincar{\'e} inequalities and integrated curvature-dimension criterion for generalised Cauchy and convex measures},
  author={Huguet, Baptiste},
  journal={Bernoulli},
  volume={30},
  number={3},
  pages={2207--2227},
  year={2024},
  publisher={Bernoulli Society for Mathematical Statistics and Probability}
}


@incollection {Iserles00lgm,
    AUTHOR = {Iserles, Arieh and Munthe-Kaas, Hans Z. and N{\o}rsett, Syvert P.
              and Zanna, Antonella},
     TITLE = {Lie-group methods},
 BOOKTITLE = {Acta numerica, 2000},
    SERIES = {Acta Numer.},
    VOLUME = {9},
     PAGES = {215--365},
 PUBLISHER = {Cambridge Univ. Press, Cambridge},
      YEAR = {2000},
   MRCLASS = {37M99 (34A26 34A45 37M15 65L05)},
  MRNUMBER = {1883629},
MRREVIEWER = {Benedict J. Leimkuhler},
       DOI = {10.1017/S0962492900002154},
       url = {https://doi.org/10.1017/S0962492900002154},
}


@article {Iserles07bsm,
    AUTHOR = {Iserles, A. and Quispel, G. R. W. and Tse, P. S. P.},
     TITLE = {B-series methods cannot be volume-preserving},
   JOURNAL = {BIT Numer. Math.},
  FJOURNAL = {BIT. Numerical Mathematics},
    VOLUME = {47},
      YEAR = {2007},
    NUMBER = {2},
     PAGES = {351--378},
      issn = {0006-3835},
   MRCLASS = {65L06},
  MRNUMBER = {2334044},
       DOI = {10.1007/s10543-006-0114-8},
       url = {https://doi.org/10.1007/s10543-006-0114-8},
}


@article{Isserlis18oaf,
doi	= {10.2307/2331932},
title	= {On a Formula for the Product-Moment Coefficient of any Order of a Normal Frequency Distribution in any Number of Variables},
author	= {L. Isserlis},
publisher	= {Oxford University Press},
journal	= {Biometrika},
issnp	= {0006-3444},
issne	= {1464-3510},
year	= {1918},
month	= {11},
volume	= {12},
issue	= {1-2},
page	= {134--139},
url =       {http://gen.lib.rus.ec/scimag/index.php?s=10.2307/2331932},
}


@article{Jacques23pla,
  title={Post-{L}ie algebras of derivations and regularity structures},
  author={Jacques, Jean-David and Zambotti, Lorenzo}, 
   JOURNAL = {Submitted},
      year={2023},
      volume = {arXiv:2306.02484},
      eprint={2306.02484},
      archivePrefix={arXiv},
      primaryClass={math-ph}
}


@article{Jay98spf,
  title={Structure Preservation for Constrained Dynamics with Super Partitioned Additive {R}unge--{K}utta Methods},
  author={Jay, Laurent O},
  journal={SIAM J. Sci. Comput.},
  volume={20},
  number={2},
  pages={416--446},
  year={1998},
  publisher={SIAM}
}


@article {Jin99eap,
    AUTHOR = {Jin, Shi},
     TITLE = {Efficient asymptotic-preserving ({AP}) schemes for some
              multiscale kinetic equations},
   JOURNAL = {SIAM J. Sci. Comput.},
  FJOURNAL = {SIAM Journal on Scientific Computing},
    VOLUME = {21},
      YEAR = {1999},
    NUMBER = {2},
     PAGES = {441--454},
      issn = {1064-8275},
   MRCLASS = {65M06 (76M20 76P05 82C40)},
  MRNUMBER = {1718639},
       DOI = {10.1137/S1064827598334599},
       url = {https://doi.org/10.1137/S1064827598334599},
}


@article {Jin12aps,
    AUTHOR = {Jin, Shi},
     TITLE = {Asymptotic preserving ({AP}) schemes for multiscale kinetic
              and hyperbolic equations: a review},
   JOURNAL = {Riv. Math. Univ. Parma (N.S.)},
  FJOURNAL = {Rivista di Matematica della Universit\`a di Parma. New Series. A
              Journal of Pure and Applied Mathematics},
    VOLUME = {3},
      YEAR = {2012},
    NUMBER = {2},
     PAGES = {177--216},
      issn = {0035-6298},
   MRCLASS = {82C70 (35Q35 82C80)},
  MRNUMBER = {2964096},
MRREVIEWER = {Eric Sonnendr\"{u}cker},
}


@article{Kahan93unm,
  title={Unconventional numerical methods for trajectory calculations},
  author={Kahan, W},
  journal={Unpublished lecture notes},
  volume={1},
  pages={13},
  year={1993}
}


@article {Kamm21ots,
    AUTHOR = {Kamm, Kevin and Pagliarani, Stefano and Pascucci, Andrea},
     TITLE = {On the stochastic {M}agnus expansion and its application to
              {SPDE}s},
   JOURNAL = {J. Sci. Comput.},
  FJOURNAL = {Journal of Scientific Computing},
    VOLUME = {89},
      YEAR = {2021},
    NUMBER = {3},
     PAGES = {Paper No. 56, 31},
      issn = {0885-7474},
   MRCLASS = {65M75 (35R60)},
  MRNUMBER = {4327537},
MRREVIEWER = {Arbaz Khan},
       DOI = {10.1007/s10915-021-01633-6},
       url = {https://doi.org/10.1007/s10915-021-01633-6},
}


@article {Kang95vpa,
    AUTHOR = {Kang, Feng and Shang, Zai Jiu},
     TITLE = {Volume-preserving algorithms for source-free dynamical
              systems},
   JOURNAL = {Numer. Math.},
  FJOURNAL = {Numerische Mathematik},
    VOLUME = {71},
      YEAR = {1995},
    NUMBER = {4},
     PAGES = {451--463},
      issn = {0029-599X},
   MRCLASS = {65L05 (34A45 65P05 70-08 70H05)},
  MRNUMBER = {1355050},
MRREVIEWER = {N. Gass},
       DOI = {10.1007/s002110050153},
       url = {https://doi.org/10.1007/s002110050153},
}


@article {Klar98aai,
    AUTHOR = {Klar, Axel},
     TITLE = {An asymptotic-induced scheme for nonstationary transport
              equations in the diffusive limit},
   JOURNAL = {SIAM J. Numer. Anal.},
  FJOURNAL = {SIAM Journal on Numerical Analysis},
    VOLUME = {35},
      YEAR = {1998},
    NUMBER = {3},
     PAGES = {1073--1094},
      issn = {0036-1429},
   MRCLASS = {82C70 (65M12 82-08)},
  MRNUMBER = {1619859},
MRREVIEWER = {Edward W. Larsen},
       DOI = {10.1137/S0036142996305558},
       url = {https://doi.org/10.1137/S0036142996305558},
}


@article {Klar99aap,
    AUTHOR = {Klar, Axel},
     TITLE = {An asymptotic preserving numerical scheme for kinetic
              equations in the low {M}ach number limit},
   JOURNAL = {SIAM J. Numer. Anal.},
  FJOURNAL = {SIAM Journal on Numerical Analysis},
    VOLUME = {36},
      YEAR = {1999},
    NUMBER = {5},
     PAGES = {1507--1527},
      issn = {0036-1429},
   MRCLASS = {76M25 (65M06 76P05 82C70 82C80)},
  MRNUMBER = {1706723},
MRREVIEWER = {Hans Babovsky},
       DOI = {10.1137/S0036142997321765},
       url = {https://doi.org/10.1137/S0036142997321765},
}


@book {Kloeden92nso,
    AUTHOR = {Kloeden, Peter E. and Platen, Eckhard},
     TITLE = {Numerical solution of stochastic differential equations},
    SERIES = {Applications of Mathematics (New York)},
    VOLUME = {23},
 PUBLISHER = {Springer-Verlag, Berlin},
      YEAR = {1992},
     PAGES = {xxxvi+632},
      ISBN = {3-540-54062-8},
   MRCLASS = {60H10 (34A50 34F05 65L99 65P05)},
  MRNUMBER = {1214374},
MRREVIEWER = {G. N. Mil\cprime shte\u\i n},
       DOI = {10.1007/978-3-662-12616-5},
       url = {http://dx.doi.org/10.1007/978-3-662-12616-5},
}


@book{Kolar93noi,
    AUTHOR = {Kol\'{a}\v{r}, Ivan and Michor, Peter W. and Slov\'{a}k, Jan},
     TITLE = {Natural operations in differential geometry},
 PUBLISHER = {Springer-Verlag, Berlin},
      YEAR = {1993},
     PAGES = {vi+434},
      ISBN = {3-540-56235-4},
   MRCLASS = {58A20 (53A55 53B05 53C05)},
  MRNUMBER = {1202431},
MRREVIEWER = {Jaime Mu\~{n}oz Masqu\'{e}},
       DOI = {10.1007/978-3-662-02950-3},
       url = {https://doi.org/10.1007/978-3-662-02950-3},
}


@article {Komori97rta,
    AUTHOR = {Komori, Yoshio and Mitsui, Taketomo and Sugiura, Hiroshi},
     TITLE = {Rooted tree analysis of the order conditions of {ROW}-type
              scheme for stochastic differential equations},
   JOURNAL = {BIT Numer. Math.},
  FJOURNAL = {BIT. Numerical Mathematics},
    VOLUME = {37},
      YEAR = {1997},
    NUMBER = {1},
     PAGES = {43--66},
      issn = {0006-3835},
   MRCLASS = {65L05 (60H10 65U05)},
  MRNUMBER = {1431358},
       DOI = {10.1007/BF02510172},
       url = {http://dx.doi.org/10.1007/BF02510172},
}


@article {Kopec15wbea,
    AUTHOR = {Kopec, Marie},
     TITLE = {Weak backward error analysis for {L}angevin process},
   JOURNAL = {BIT Numer. Math.},
  FJOURNAL = {BIT. Numerical Mathematics},
    VOLUME = {55},
      YEAR = {2015},
    NUMBER = {4},
     PAGES = {1057--1103},
      issn = {0006-3835},
   MRCLASS = {65C30 (37M25 60H10 60H35)},
  MRNUMBER = {3434031},
MRREVIEWER = {Mikhail V. Tretyakov},
       DOI = {10.1007/s10543-015-0546-0},
       url = {http://dx.doi.org/10.1007/s10543-015-0546-0},
}


@article {Kopec15wbeb,
    AUTHOR = {Kopec, Marie},
     TITLE = {Weak backward error analysis for overdamped {L}angevin
              processes},
   JOURNAL = {IMA J. Numer. Anal.},
  FJOURNAL = {IMA Journal of Numerical Analysis},
    VOLUME = {35},
      YEAR = {2015},
    NUMBER = {2},
     PAGES = {583--614},
      issn = {0272-4979},
   MRCLASS = {65C30},
  MRNUMBER = {3335217},
MRREVIEWER = {Madalina Deaconu},
       DOI = {10.1093/imanum/dru016},
       url = {http://dx.doi.org/10.1093/imanum/dru016},
}


@phdthesis{Koseleff93cfp,
  title={Calcul formel pour les m{\'e}thodes de Lie en m{\'e}canique hamiltonienne},
  author={Koseleff, Pierre-Vincent},
  year={1993},
  school={Ecole Polytechnique}
}


@article{Kraft96cit,
  title={Classical invariant theory, a primer},
  author={Kraft, Hanspeter and Procesi, Claudio},
  journal={Lecture Notes. Preliminary version},
  year={1996}
}


@book {Kriegl97tcs,
    AUTHOR = {Kriegl, Andreas and Michor, Peter W.},
     TITLE = {The convenient setting of global analysis},
    SERIES = {Mathematical Surveys and Monographs},
    VOLUME = {53},
 PUBLISHER = {American Mathematical Society, Providence, RI},
      YEAR = {1997},
     PAGES = {x+618},
      ISBN = {0-8218-0780-3},
   MRCLASS = {58Bxx (46-02 46Gxx 46M20 58C15)},
  MRNUMBER = {1471480},
MRREVIEWER = {Olga Gil-Medrano},
       DOI = {10.1090/surv/053},
       url = {https://doi.org/10.1090/surv/053},
}


@book {Kuo06its,
    AUTHOR = {Kuo, Hui-Hsiung},
     TITLE = {Introduction to stochastic integration},
    SERIES = {Universitext},
 PUBLISHER = {Springer, New York},
      YEAR = {2006},
     PAGES = {xiv+278},
      ISBN = {978-0387-28720-1; 0-387-28720-5},
   MRCLASS = {60-01 (60H05 60H10 60H30)},
  MRNUMBER = {2180429},
MRREVIEWER = {Jorge A. Le\'{o}n},
}


@article {Kupper12ark,
    AUTHOR = {K\"{u}pper, Dominique and Kv{\ae}rn\o , Anne and R\"o{\ss}ler, Andreas},
     TITLE = {A {R}unge-{K}utta method for index 1 stochastic
              differential-algebraic equations with scalar noise},
   JOURNAL = {BIT Numer. Math.},
  FJOURNAL = {BIT. Numerical Mathematics},
    VOLUME = {52},
      YEAR = {2012},
    NUMBER = {2},
     PAGES = {437--455},
      issn = {0006-3835},
   MRCLASS = {65C30 (60H10 60H35 65L80)},
  MRNUMBER = {2931358},
MRREVIEWER = {Fuke Wu},
       DOI = {10.1007/s10543-011-0354-0},
       url = {https://doi.org/10.1007/s10543-011-0354-0},
}


@article {Kupper15saa,
    AUTHOR = {K\"{u}pper, Dominique and Kv{\ae}rn\o , Anne and R\"o{\ss}ler, Andreas},
     TITLE = {Stability analysis and classification of {R}unge-{K}utta
              methods for index 1 stochastic differential-algebraic
              equations with scalar noise},
   JOURNAL = {Appl. Numer. Math.},
  FJOURNAL = {Applied Numerical Mathematics. An IMACS Journal},
    VOLUME = {96},
      YEAR = {2015},
     PAGES = {24--44},
      issn = {0168-9274},
   MRCLASS = {65C30 (34F05 60H35)},
  MRNUMBER = {3373557},
MRREVIEWER = {Nikolaos Halidias},
       DOI = {10.1016/j.apnum.2015.04.003},
       url = {http://dx.doi.org/10.1016/j.apnum.2015.04.003},
}


@book {Kushner07cga,
    AUTHOR = {Kushner, Alexei and Lychagin, Valentin and Rubtsov, Vladimir},
     TITLE = {Contact geometry and non-linear differential equations},
    SERIES = {Encyclopedia of Mathematics and its Applications},
    VOLUME = {101},
 PUBLISHER = {Cambridge University Press, Cambridge},
      YEAR = {2007},
     PAGES = {xxii+496},
      ISBN = {978-0-521-82476-7; 0-521-82476-1},
   MRCLASS = {58-02 (35A30 37J15 37J60 53D05 53D10 58J70)},
  MRNUMBER = {2352610},
MRREVIEWER = {Frans Cantrijn},
}


@article {Lamberton02rco,
    AUTHOR = {Lamberton, Damien and Pag\`es, Gilles},
     TITLE = {Recursive computation of the invariant distribution of a
              diffusion},
   JOURNAL = {Bernoulli},
  FJOURNAL = {Bernoulli. Official Journal of the Bernoulli Society for
              Mathematical Statistics and Probability},
    VOLUME = {8},
      YEAR = {2002},
    NUMBER = {3},
     PAGES = {367--405},
      issn = {1350-7265},
   MRCLASS = {60J60 (60F05)},
  MRNUMBER = {1913112},
       DOI = {10.1142/S0219493703000838},
       url = {https://doi.org/10.1142/S0219493703000838},
}


@book {Lang99fod,
    AUTHOR = {Lang, Serge},
     TITLE = {Fundamentals of differential geometry},
    SERIES = {Graduate Texts in Mathematics},
    VOLUME = {191},
 PUBLISHER = {Springer-Verlag, New York},
      YEAR = {1999},
     PAGES = {xviii+535},
      ISBN = {0-387-98593-X},
   MRCLASS = {53-01 (58-01)},
  MRNUMBER = {1666820},
MRREVIEWER = {Man Chun Leung},
       DOI = {10.1007/978-1-4612-0541-8},
       url = {https://doi.org/10.1007/978-1-4612-0541-8},
}


@article {Laurent20eab,
    AUTHOR = {Laurent, Adrien and Vilmart, Gilles},
     TITLE = {Exotic aromatic {B}-series for the study of long time
              integrators for a class of ergodic {SDE}s},
   JOURNAL = {Math. Comp.},
  FJOURNAL = {Mathematics of Computation},
    VOLUME = {89},
      YEAR = {2020},
    NUMBER = {321},
     PAGES = {169--202},
      issn = {0025-5718},
   MRCLASS = {65L06 (37M25 41A58 60H35)},
  MRNUMBER = {4011539},
       DOI = {10.1090/mcom/3455},
       url = {https://doi.org/10.1090/mcom/3455},
}


@article {Laurent20mif,
    AUTHOR = {Laurent, Adrien and Vilmart, Gilles},
     TITLE = {Multirevolution integrators for differential equations with
              fast stochastic oscillations},
   JOURNAL = {SIAM J. Sci. Comput.},
  FJOURNAL = {SIAM Journal on Scientific Computing},
    VOLUME = {42},
      YEAR = {2020},
    NUMBER = {1},
     PAGES = {A115--A139},
      issn = {1064-8275},
   MRCLASS = {65D30 (34E13 35Q55 35R60 60H35)},
  MRNUMBER = {4048623},
       DOI = {10.1137/19M1243075},
       url = {https://doi.org/10.1137/19M1243075},
}


@article {Laurent21ocf,
    AUTHOR = {Laurent, Adrien and Vilmart, Gilles},
     TITLE = {Order conditions for sampling the invariant measure of ergodic
              stochastic differential equations on manifolds},
   JOURNAL = {Found. Comput. Math.},
  FJOURNAL = {Foundations of Computational Mathematics. The Journal of the
              Society for the Foundations of Computational Mathematics},
    VOLUME = {22},
      YEAR = {2022},
    NUMBER = {3},
     PAGES = {649--695},
      issn = {1615-3375},
   MRCLASS = {60H35 (37M25 65L06 70H45)},
  MRNUMBER = {4433110},
       DOI = {10.1007/s10208-021-09495-y},
       url = {https://doi.org/10.1007/s10208-021-09495-y},
}


@phdthesis{Laurent21ata,
  title={Algebraic Tools and Multiscale Methods for the Numerical Integration of Stochastic Evolutionary Problems},
  author={Laurent, Adrien},
  year={2021},
  school={University of Geneva}
}


@article {Laurent21aua,
    AUTHOR = {Laurent, Adrien},
     TITLE = {A uniformly accurate scheme for the numerical integration of penalized {L}angevin dynamics},
   JOURNAL = {SIAM J. Sci. Comput.},
  FJOURNAL = {SIAM Journal on Scientific Computing},
    VOLUME = {44},
      YEAR = {2022},
    NUMBER = {5},
     PAGES = {A3217--A3243},
      issn = {1064-8275},
   MRCLASS = {65C30 (37M25 60H35 70H45)},
  MRNUMBER = {4492544},
       DOI = {10.1137/21M1455188},
       url = {https://doi.org/10.1137/21M1455188},
}


@article {Laurent23tab,
    AUTHOR = {Laurent, Adrien and McLachlan, Robert I. and Munthe-Kaas, Hans
              Z. and Verdier, Olivier},
     TITLE = {The aromatic bicomplex for the description of divergence-free
              aromatic forms and volume-preserving integrators},
   JOURNAL = {Forum Math. Sigma},
  FJOURNAL = {Forum of Mathematics. Sigma},
    VOLUME = {11},
      YEAR = {2023},
     PAGES = {Paper No. e69},
      issn = {2050-5094},
   MRCLASS = {99-06},
  MRNUMBER = {4624837},
       DOI = {10.1017/fms.2023.63},
       url = {https://doi.org/10.1017/fms.2023.63},
}


@article {Laurent23tue,
    AUTHOR = {Laurent, Adrien and Munthe-Kaas, Hans Z.},
     TITLE = {The universal equivariance properties of exotic aromatic
{B}-series},
   journal={Foundations of Computational Mathematics},
  pages={1--32},
  year={2024},
  publisher={Springer},
  DOI = {10.1007/s10208-024-09668-5},
}


@article {Laurent23tld,
    AUTHOR = {Laurent, Adrien},
     TITLE = {The {L}ie derivative and {N}oether's theorem on the aromatic
              bicomplex for the study of volume-preserving numerical
              integrators},
   JOURNAL = {J. Comput. Dyn.},
  FJOURNAL = {Journal of Computational Dynamics},
    VOLUME = {11},
      YEAR = {2024},
    NUMBER = {1},
     PAGES = {10--22},
      issn = {2158-2491,2158-2505},
   MRCLASS = {99-06},
  MRNUMBER = {4701211},
       DOI = {10.3934/jcd.2023011},
       url = {https://doi.org/10.3934/jcd.2023011},
}


@book {Lee13its,
    AUTHOR = {Lee, John M.},
     TITLE = {Introduction to smooth manifolds},
    SERIES = {Graduate Texts in Mathematics},
    VOLUME = {218},
   EDITION = {Second},
 PUBLISHER = {Springer, New York},
      YEAR = {2013},
     PAGES = {xvi+708},
      ISBN = {978-1-4419-9981-8},
   MRCLASS = {58-01 (53-01 57-01)},
  MRNUMBER = {2954043},
}


@book {Leimkuhler04shd,
    AUTHOR = {Leimkuhler, Benedict and Reich, Sebastian},
     TITLE = {Simulating {H}amiltonian dynamics},
    SERIES = {Cambridge Monographs on Applied and Computational Mathematics},
    VOLUME = {14},
 PUBLISHER = {Cambridge University Press, Cambridge},
      YEAR = {2004},
     PAGES = {xvi+379},
      ISBN = {0-521-77290-7},
   MRCLASS = {37M15 (37J05 65P10 70-08 70H05)},
  MRNUMBER = {2132573},
MRREVIEWER = {Werner M. Seiler},
}


@article {Leimkuhler13rco,
    AUTHOR = {Leimkuhler, Benedict and Matthews, Charles},
     TITLE = {Rational construction of stochastic numerical methods for
              molecular sampling},
   JOURNAL = {Appl. Math. Res. Express. AMRX},
  FJOURNAL = {Applied Mathematics Research Express. AMRX},
      VOLUME = {2013},
      YEAR = {2013},
    NUMBER = {1},
     PAGES = {34--56},
      issn = {1687-1200},
   MRCLASS = {65C50 (60H35 65C30 82C80)},
  MRNUMBER = {3040887},
MRREVIEWER = {Elvira Di Nardo},
       DOI = {10.1093/amrx/abs010},
       url = {https://doi.org/10.1093/amrx/abs010},
}


@book {Leimkuhler15md,
    AUTHOR = {Leimkuhler, Ben and Matthews, Charles},
     TITLE = {Molecular dynamics},
    SERIES = {Interdisciplinary Applied Mathematics},
    VOLUME = {39},
      NOTE = {With deterministic and stochastic numerical methods},
 PUBLISHER = {Springer, Cham},
      YEAR = {2015},
     PAGES = {xxii+443},
      ISBN = {978-3-319-16374-1; 978-3-319-16375-8},
   MRCLASS = {82Bxx (35Q82 65-02 70-02 82Cxx)},
  MRNUMBER = {3362507},
}


@article {Leimkuhler16tco,
    AUTHOR = {Leimkuhler, Benedict and Matthews, Charles and Stoltz,
              Gabriel},
     TITLE = {The computation of averages from equilibrium and
              nonequilibrium {L}angevin molecular dynamics},
   JOURNAL = {IMA J. Numer. Anal.},
  FJOURNAL = {IMA Journal of Numerical Analysis},
    VOLUME = {36},
      YEAR = {2016},
    NUMBER = {1},
     PAGES = {13--79},
      issn = {0272-4979},
   MRCLASS = {65C30 (60H10 60H35 80A10 82C31)},
  MRNUMBER = {3463433},
MRREVIEWER = {Mikhail V. Tretyakov},
       DOI = {10.1093/imanum/dru056},
       url = {http://dx.doi.org/10.1093/imanum/dru056},
}


@article {Lejay22cgr,
    AUTHOR = {Lejay, Antoine},
     TITLE = {Constructing general rough differential equations through flow
              approximations},
   JOURNAL = {Electron. J. Probab.},
  FJOURNAL = {Electronic Journal of Probability},
    VOLUME = {27},
      YEAR = {2022},
     PAGES = {Paper No. 7, 24},
   MRCLASS = {60L20 (34A06)},
  MRNUMBER = {4364734},
       DOI = {10.1214/21-ejp717},
       url = {https://doi.org/10.1214/21-ejp717},
}


@article {Lelievre07cof,
    AUTHOR = {Leli\`evre, Tony and Rousset, Mathias and Stoltz, Gabriel},
     TITLE = {Computation of free energy differences through nonequilibrium
              stochastic dynamics: the reaction coordinate case},
   JOURNAL = {J. Comput. Phys.},
  FJOURNAL = {Journal of Computational Physics},
    VOLUME = {222},
      YEAR = {2007},
    NUMBER = {2},
     PAGES = {624--643},
      issn = {0021-9991},
   MRCLASS = {82C05 (65C50)},
  MRNUMBER = {2313418},
       DOI = {10.1016/j.jcp.2006.08.003},
       url = {https://doi.org/10.1016/j.jcp.2006.08.003},
}


@article {Lelievre08adc,
    AUTHOR = {Leli\`evre, Tony and Le Bris, Claude and Vanden-Eijnden, Eric},
     TITLE = {Analyse de certains sch\'{e}mas de discr\'{e}tisation pour des
              \'{e}quations diff\'{e}rentielles stochastiques contraintes},
   JOURNAL = {C. R. Math. Acad. Sci. Paris},
  FJOURNAL = {Comptes Rendus Math\'{e}matique. Acad\'{e}mie des Sciences. Paris},
    VOLUME = {346},
      YEAR = {2008},
    NUMBER = {7-8},
     PAGES = {471--476},
      issn = {1631-073X},
   MRCLASS = {60H35 (65C30)},
  MRNUMBER = {2417572},
MRREVIEWER = {Maria E. Vares},
       DOI = {10.1016/j.crma.2008.02.016},
       url = {https://doi.org/10.1016/j.crma.2008.02.016},
}


@book {Lelievre10fec,
    AUTHOR = {Leli\`evre, Tony and Rousset, Mathias and Stoltz, Gabriel},
     TITLE = {Free energy computations},
      NOTE = {A mathematical perspective},
 PUBLISHER = {Imperial College Press, London},
      YEAR = {2010},
     PAGES = {xiv+458},
      ISBN = {978-1-84816-247-1; 1-84816-247-2},
   MRCLASS = {82C80 (60H10 65C30 82C31)},
  MRNUMBER = {2681239},
MRREVIEWER = {Luc Rey-Bellet},
       DOI = {10.1142/9781848162488},
       url = {https://doi.org/10.1142/9781848162488},
}


@article {Lelievre12ldw,
    AUTHOR = {Leli\`evre, Tony and Rousset, Mathias and Stoltz, Gabriel},
     TITLE = {Langevin dynamics with constraints and computation of free
              energy differences},
   JOURNAL = {Math. Comp.},
  FJOURNAL = {Mathematics of Computation},
    VOLUME = {81},
      YEAR = {2012},
    NUMBER = {280},
     PAGES = {2071--2125},
      issn = {0025-5718},
   MRCLASS = {82C31 (65C30 82C80)},
  MRNUMBER = {2945148},
MRREVIEWER = {Carsten Hartmann},
       DOI = {10.1090/S0025-5718-2012-02594-4},
       url = {https://doi.org/10.1090/S0025-5718-2012-02594-4},
}


@article {Lelievre13onr,
    AUTHOR = {Leli\`evre, T. and Nier, F. and Pavliotis, G. A.},
     TITLE = {Optimal non-reversible linear drift for the convergence to
              equilibrium of a diffusion},
   JOURNAL = {J. Stat. Phys.},
  FJOURNAL = {Journal of Statistical Physics},
    VOLUME = {152},
      YEAR = {2013},
    NUMBER = {2},
     PAGES = {237--274},
      issn = {0022-4715},
   MRCLASS = {60J60 (35R60 65C20)},
  MRNUMBER = {3082649},
MRREVIEWER = {Ross Pinsky},
       DOI = {10.1007/s10955-013-0769-x},
       url = {http://dx.doi.org/10.1007/s10955-013-0769-x},
}


@article {Lelievre19hmc,
    AUTHOR = {Leli\`evre, Tony and Rousset, Mathias and Stoltz, Gabriel},
     TITLE = {Hybrid {M}onte {C}arlo methods for sampling probability
              measures on submanifolds},
   JOURNAL = {Numer. Math.},
  FJOURNAL = {Numerische Mathematik},
    VOLUME = {143},
      YEAR = {2019},
    NUMBER = {2},
     PAGES = {379--421},
      issn = {0029-599X},
   MRCLASS = {65C40 (65P10 70H45)},
  MRNUMBER = {4009691},
       DOI = {10.1007/s00211-019-01056-4},
       url = {https://doi.org/10.1007/s00211-019-01056-4},
}


@article {Lelievre20mpm,
  title={Multiple projection {MCMC} algorithms on submanifolds},
  author={Leli{\`e}vre, Tony and Stoltz, Gabriel and Zhang, Wei},
  journal={Submitted},
  year={2020},
  volume = {arXiv:2003.09402},
  eprint={2003.09402},
  archivePrefix={arXiv},
  primaryClass={math.RA}
}


@article{Li94stochdiff,
	AUTHOR = {Li, Xue-Mei},
	TITLE = {Stochastic differential equations on noncompact manifolds: moment stability and its topological consequences},
	JOURNAL = {Probab. Theory Relat. Fields},
	VOLUME = {100},
	YEAR = {1994},
	PAGES ={417--428}
}


@article {Li18hoh,
    AUTHOR = {Li, Xue-Mei},
     TITLE = {Homogenisation on homogeneous spaces},
      NOTE = {With an appendix by Dmitriy Rumynin},
   JOURNAL = {J. Math. Soc. Japan},
  FJOURNAL = {Journal of the Mathematical Society of Japan},
    VOLUME = {70},
      YEAR = {2018},
    NUMBER = {2},
     PAGES = {519--572},
      issn = {0025-5645},
   MRCLASS = {58J65 (58J70 60B10 60H10 60J25 60J60)},
  MRNUMBER = {3787732},
       DOI = {10.2969/jmsj/07027546},
       url = {https://doi.org/10.2969/jmsj/07027546},
}


@article {Li19sme,
    AUTHOR = {Li, Qianxiao and Tai, Cheng and E, Weinan},
     TITLE = {Stochastic modified equations and dynamics of stochastic
              gradient algorithms {I}: mathematical foundations},
   JOURNAL = {J. Mach. Learn. Res.},
  FJOURNAL = {Journal of Machine Learning Research (JMLR)},
    VOLUME = {20},
      YEAR = {2019},
     PAGES = {Paper No. 40, 47},
      issn = {1532-4435,1533-7928},
   MRCLASS = {62L20 (60H10 90C15)},
  MRNUMBER = {3948080},
}


@article {Li20srk,
      title={Stochastic {R}unge-{K}utta Accelerates {L}angevin {M}onte {C}arlo and Beyond}, 
      author={Xuechen Li and Denny Wu and Lester Mackey and Murat A. Erdogdu},
      journal={Submitted},
      year={2020},
      volume = {arXiv:1906.07868},
      eprint={1906.07868},
      archivePrefix={arXiv},
      primaryClass={stat.ML}
}


@article {Li21hog,
      title={Higher Order Generalization Error for First Order Discretization of {L}angevin Diffusion}, 
      author={Mufan Bill Li and Maxime Gazeau},
      journal={Submitted},
      year={2021},
      volume = {arXiv:2102.06229},
      eprint={2102.06229},
      archivePrefix={arXiv},
      primaryClass={stat.ML}
}


@article{Li23pha,
  title={Post-Hopf algebras, relative Rota--Baxter operators and solutions to the Yang--Baxter equation},
  author={Li, Yunnan and Sheng, Yunhe and Tang, Rong},
  journal={Journal of Noncommutative Geometry},
  volume={18},
  number={2},
  pages={605--630},
  year={2023}
}


@article {Linares21tsg,
    AUTHOR = {Linares, Pablo and Otto, Felix and Tempelmayr, Markus},
     TITLE = {The structure group for quasi-linear equations via universal
              enveloping algebras},
   JOURNAL = {Comm. Amer. Math. Soc.},
  FJOURNAL = {Communications of the American Mathematical Society},
    VOLUME = {3},
      YEAR = {2023},
     PAGES = {1--64},
      issn = {2692-3688},
   MRCLASS = {60L30 (16S30 16T05 17B35 35K59 60L70)},
  MRNUMBER = {4537770},
       DOI = {10.1090/cams/16},
       url = {https://doi.org/10.1090/cams/16},
}


@article {Lions01rde,
    AUTHOR = {Lions, Jacques-Louis and Maday, Yvon and Turinici, Gabriel},
     TITLE = {R\'{e}solution d'{EDP} par un sch\'{e}ma en temps ``parar\'{e}el''},
   JOURNAL = {C. R. Acad. Sci. Paris S\'{e}r. I Math.},
  FJOURNAL = {Comptes Rendus de l'Acad\'{e}mie des Sciences. S\'{e}rie I.
              Math\'{e}matique},
    VOLUME = {332},
      YEAR = {2001},
    NUMBER = {7},
     PAGES = {661--668},
      issn = {0764-4442},
   MRCLASS = {65M06 (65M20 65Y05)},
  MRNUMBER = {1842465},
MRREVIEWER = {Dennis C. Jespersen},
       DOI = {10.1016/S0764-4442(00)01793-6},
       url = {https://doi.org/10.1016/S0764-4442(00)01793-6},
}


@article{Lopez97esi,
  title={Explicit Symplectic Integrators Using {H}essian--Vector Products},
  author={L{\'o}pez-Marcos, MA and Sanz-Serna, Jes{\'u}s Mar{\'\i}a and Skeel, Robert D},
  journal={SIAM Journal on Scientific Computing},
  volume={18},
  number={1},
  pages={223--238},
  year={1997},
  publisher={SIAM}
}


@article {Lord08esi,
    AUTHOR = {Lord, Gabriel and Malham, Simon J. A. and Wiese, Anke},
     TITLE = {Efficient strong integrators for linear stochastic systems},
   JOURNAL = {SIAM J. Numer. Anal.},
  FJOURNAL = {SIAM Journal on Numerical Analysis},
    VOLUME = {46},
      YEAR = {2008},
    NUMBER = {6},
     PAGES = {2892--2919},
      issn = {0036-1429},
   MRCLASS = {65C30},
  MRNUMBER = {2439496},
       DOI = {10.1137/060656486},
       url = {https://doi.org/10.1137/060656486},
}


@article {Luan13ebs,
    AUTHOR = {Luan, Vu Thai and Ostermann, Alexander},
     TITLE = {Exponential {B}-series: the stiff case},
   JOURNAL = {SIAM J. Numer. Anal.},
  FJOURNAL = {SIAM Journal on Numerical Analysis},
    VOLUME = {51},
      YEAR = {2013},
    NUMBER = {6},
     PAGES = {3431--3445},
      issn = {0036-1429},
   MRCLASS = {65L04 (65L05)},
  MRNUMBER = {3143837},
MRREVIEWER = {Martin Hermann},
       DOI = {10.1137/130920204},
       url = {https://doi.org/10.1137/130920204},
}


@book {Lubich08fqt,
    AUTHOR = {Lubich, Christian},
     TITLE = {From quantum to classical molecular dynamics: reduced models
              and numerical analysis},
    SERIES = {Zurich Lectures in Advanced Mathematics},
 PUBLISHER = {European Mathematical Society (EMS), Z\"urich},
      YEAR = {2008},
     PAGES = {x+144},
      ISBN = {978-3-03719-067-8},
   MRCLASS = {81V55 (65M15 81-08)},
  MRNUMBER = {2474331},
MRREVIEWER = {H. Hogreve},
       DOI = {10.4171/067},
       url = {http://dx.doi.org/10.4171/067},
}


@incollection {Lundervold11hao,
    AUTHOR = {Lundervold, Alexander and Munthe-Kaas, Hans},
     TITLE = {Hopf algebras of formal diffeomorphisms and numerical
              integration on manifolds},
 BOOKTITLE = {Combinatorics and physics},
    SERIES = {Contemp. Math.},
    VOLUME = {539},
     PAGES = {295--324},
 PUBLISHER = {Amer. Math. Soc., Providence, RI},
      YEAR = {2011},
      ISBN = {978-0-8218-5329-0},
   MRCLASS = {16T05 (65D30)},
  MRNUMBER = {2790315},
       DOI = {10.1090/conm/539/10641},
       url = {https://doi.org/10.1090/conm/539/10641},
}


@article {Lundervold13bea,
    AUTHOR = {Lundervold, Alexander and Munthe-Kaas, Hans},
     TITLE = {Backward error analysis and the substitution law for {L}ie
              group integrators},
   JOURNAL = {Found. Comput. Math.},
  FJOURNAL = {Foundations of Computational Mathematics. The Journal of the
              Society for the Foundations of Computational Mathematics},
    VOLUME = {13},
      YEAR = {2013},
    NUMBER = {2},
     PAGES = {161--186},
      issn = {1615-3375,1615-3383},
   MRCLASS = {65P10 (37C10 65L05)},
  MRNUMBER = {3032679},
       DOI = {10.1007/s10208-012-9130-z},
       url = {https://doi.org/10.1007/s10208-012-9130-z},
}


@incollection {Lundervold15oas,
    AUTHOR = {Lundervold, Alexander and Munthe-Kaas, Hans Z.},
     TITLE = {On algebraic structures of numerical integration on vector
              spaces and manifolds},
 BOOKTITLE = {Fa\`a di {B}runo {H}opf algebras, {D}yson-{S}chwinger
              equations, and {L}ie-{B}utcher series},
    SERIES = {IRMA Lect. Math. Theor. Phys.},
    VOLUME = {21},
     PAGES = {219--263},
 PUBLISHER = {Eur. Math. Soc., Z\"{u}rich},
      YEAR = {2015},
      ISBN = {978-3-03719-143-9},
   MRCLASS = {16T30 (65L99)},
  MRNUMBER = {3381491},
MRREVIEWER = {Loic\ Foissy},
}


@article {Mackevicius01sow,
    AUTHOR = {Mackevi\v{c}ius, Vigirdas and Navikas, Jurgis},
     TITLE = {Second order weak {R}unge-{K}utta type methods of {I}t\^{o} equations},
   JOURNAL = {Math. Comput. Simulation},
  FJOURNAL = {Mathematics and Computers in Simulation},
    VOLUME = {57},
      YEAR = {2001},
    NUMBER = {1-2},
     PAGES = {29--34},
      issn = {0378-4754,1872-7166},
   MRCLASS = {65C30 (65L06)},
  MRNUMBER = {1845550},
       DOI = {10.1016/S0378-4754(00)00284-6},
       url = {https://doi.org/10.1016/S0378-4754(00)00284-6},
}


@article{Magnus54ote,
  title={On the exponential solution of differential equations for a linear operator},
  author={Magnus, Wilhelm},
  journal={Communications on pure and applied mathematics},
  volume={7},
  number={4},
  pages={649--673},
  year={1954},
  publisher={Wiley Online Library}
}



@article {Malham08slg,
    AUTHOR = {Malham, Simon J. A. and Wiese, Anke},
     TITLE = {Stochastic {L}ie group integrators},
   JOURNAL = {SIAM J. Sci. Comput.},
  FJOURNAL = {SIAM Journal on Scientific Computing},
    VOLUME = {30},
      YEAR = {2008},
    NUMBER = {2},
     PAGES = {597--617},
      issn = {1064-8275},
   MRCLASS = {37M15 (37H10 60H10 65P10)},
  MRNUMBER = {2385877},
MRREVIEWER = {Fernando Casas},
       DOI = {10.1137/060666743},
       url = {https://doi.org/10.1137/060666743},
}


@article {Manchon11lpl,
    AUTHOR = {Manchon, Dominique and Sa\"{\i}di, Abdellatif},
     TITLE = {Lois pr\'{e}-{L}ie en interaction},
   JOURNAL = {Comm. Algebra},
  FJOURNAL = {Communications in Algebra},
    VOLUME = {39},
      YEAR = {2011},
    NUMBER = {10},
     PAGES = {3662--3680},
      issn = {0092-7872},
   MRCLASS = {16T05 (17B99)},
  MRNUMBER = {2845592},
MRREVIEWER = {E. J. Taft},
       DOI = {10.1080/00927872.2010.510813},
       url = {https://doi.org/10.1080/00927872.2010.510813},
}


@book {Mansfield10apg,
    AUTHOR = {Mansfield, Elizabeth Louise},
     TITLE = {A practical guide to the invariant calculus},
    SERIES = {Cambridge Monographs on Applied and Computational Mathematics},
    VOLUME = {26},
 PUBLISHER = {Cambridge University Press, Cambridge},
      YEAR = {2010},
     PAGES = {xii+247},
      ISBN = {978-0-521-85701-7},
   MRCLASS = {58D19 (34C14 37C80 49K05 53A55)},
  MRNUMBER = {2656212},
MRREVIEWER = {Thomas\ Garrity},
       DOI = {10.1017/CBO9780511844621},
       url = {https://doi.org/10.1017/CBO9780511844621},
}


@article {Marin12abc,
    AUTHOR = {Marin, Jean-Michel and Pudlo, Pierre and Robert, Christian P.
              and Ryder, Robin J.},
     TITLE = {Approximate {B}ayesian computational methods},
   JOURNAL = {Stat. Comput.},
  FJOURNAL = {Statistics and Computing},
    VOLUME = {22},
      YEAR = {2012},
    NUMBER = {6},
     PAGES = {1167--1180},
      issn = {0960-3174},
   MRCLASS = {Expansion},
  MRNUMBER = {2992292},
       DOI = {10.1007/s11222-011-9288-2},
       url = {https://doi.org/10.1007/s11222-011-9288-2},
}


@inproceedings{Marjanovic15asa,
  title={A simple approach to numerical methods for stochastic differential equations in {L}ie groups},
  author={Marjanovic, Goran and Piggott, Marc J and Solo, Victor},
  booktitle={2015 54th IEEE Conference on Decision and Control (CDC)},
  pages={7143--7150},
  year={2015},
  organization={IEEE}
}


@article {Marjanovic18nmf,
    AUTHOR = {Marjanovic, Goran and Solo, Victor},
     TITLE = {Numerical methods for stochastic differential equations in
              matrix {L}ie groups made simple},
   JOURNAL = {IEEE Trans. Automat. Control},
  FJOURNAL = {Institute of Electrical and Electronics Engineers.
              Transactions on Automatic Control},
    VOLUME = {63},
      YEAR = {2018},
    NUMBER = {12},
     PAGES = {4035--4050},
      issn = {0018-9286},
   MRCLASS = {60H10 (60B15 65C30)},
  MRNUMBER = {3891437},
MRREVIEWER = {Yuzuru Inahama},
       DOI = {10.1109/tac.2018.2798703},
       url = {https://doi.org/10.1109/tac.2018.2798703},
}


@article {Markl08git,
    AUTHOR = {Markl, Martin},
     TITLE = {{${\rm GL}_n$}-invariant tensors and graphs},
   JOURNAL = {Arch. Math. (Brno)},
  FJOURNAL = {Universitatis Masarykianae Brunensis. Facultas Scientiarum
              Naturalium. Archivum Mathematicum},
    VOLUME = {44},
      YEAR = {2008},
    NUMBER = {5},
     PAGES = {449--463},
      issn = {0044-8753},
   MRCLASS = {20G05},
  MRNUMBER = {2501578},
MRREVIEWER = {Pierre-Emmanuel Chaput},
}


@article {Marty06oas,
    AUTHOR = {Marty, Renaud},
     TITLE = {On a splitting scheme for the nonlinear {S}chr\"odinger equation
              in a random medium},
   JOURNAL = {Commun. Math. Sci.},
  FJOURNAL = {Communications in Mathematical Sciences},
    VOLUME = {4},
      YEAR = {2006},
    NUMBER = {4},
     PAGES = {679--705},
      issn = {1539-6746},
   MRCLASS = {35Q55 (35R60 60F05 65M70)},
  MRNUMBER = {2264815},
MRREVIEWER = {Yu. E. Gliklikh},
       url = {http://projecteuclid.org/euclid.cms/1175797606},
}


@article {Mattingly02efs,
    AUTHOR = {Mattingly, J. C. and Stuart, A. M. and Higham, D. J.},
     TITLE = {Ergodicity for {SDE}s and approximations: locally {L}ipschitz
              vector fields and degenerate noise},
   JOURNAL = {Stochastic Process. Appl.},
  FJOURNAL = {Stochastic Processes and their Applications},
    VOLUME = {101},
      YEAR = {2002},
    NUMBER = {2},
     PAGES = {185--232},
      issn = {0304-4149},
   MRCLASS = {60H10 (34F05 37H10 60J35)},
  MRNUMBER = {1931266},
MRREVIEWER = {Jan I. Seidler},
       DOI = {10.1016/S0304-4149(02)00150-3},
       url = {http://dx.doi.org/10.1016/S0304-4149(02)00150-3},
}


@article {Mattingly10con,
    AUTHOR = {Mattingly, Jonathan C. and Stuart, Andrew M. and Tretyakov, M.
              V.},
     TITLE = {Convergence of numerical time-averaging and stationary
              measures via {P}oisson equations},
   JOURNAL = {SIAM J. Numer. Anal.},
  FJOURNAL = {SIAM Journal on Numerical Analysis},
    VOLUME = {48},
      YEAR = {2010},
    NUMBER = {2},
     PAGES = {552--577},
      issn = {0036-1429},
   MRCLASS = {65C30 (37H10 60H10 60H35)},
  MRNUMBER = {2669996},
MRREVIEWER = {Peter E. Kloeden},
       DOI = {10.1137/090770527},
       url = {https://doi.org/10.1137/090770527},
}


@article {McLachlan02sm,
    AUTHOR = {McLachlan, Robert I. and Quispel, G. Reinout W.},
     TITLE = {Splitting methods},
   JOURNAL = {Acta Numer.},
  FJOURNAL = {Acta Numerica},
    VOLUME = {11},
      YEAR = {2002},
     PAGES = {341--434},
      issn = {0962-4929},
   MRCLASS = {34-02 (34C28 37J35 37M15 65L99 70G65 70H05)},
  MRNUMBER = {2009376},
MRREVIEWER = {Benedict J. Leimkuhler},
       DOI = {10.1017/S0962492902000053},
       url = {https://doi.org/10.1017/S0962492902000053},
}


@article {McLachlan08evp,
    AUTHOR = {McLachlan, R. I. and Munthe-Kaas, H. Z. and Quispel, G. R. W.
              and Zanna, A.},
     TITLE = {Explicit volume-preserving splitting methods for linear and
              quadratic divergence-free vector fields},
   JOURNAL = {Found. Comput. Math.},
  FJOURNAL = {Foundations of Computational Mathematics. The Journal of the
              Society for the Foundations of Computational Mathematics},
    VOLUME = {8},
      YEAR = {2008},
    NUMBER = {3},
     PAGES = {335--355},
      issn = {1615-3375},
   MRCLASS = {65L05},
  MRNUMBER = {2413148},
MRREVIEWER = {Kevin Burrage},
       DOI = {10.1007/s10208-007-9009-6},
       url = {https://doi.org/10.1007/s10208-007-9009-6},
}


@article {McLachlan16bsm,
    AUTHOR = {McLachlan, Robert I. and Modin, Klas and Munthe-Kaas, Hans and
              Verdier, Olivier},
     TITLE = {B-series methods are exactly the affine equivariant methods},
   JOURNAL = {Numer. Math.},
  FJOURNAL = {Numerische Mathematik},
    VOLUME = {133},
      YEAR = {2016},
    NUMBER = {3},
     PAGES = {599--622},
      issn = {0029-599X},
   MRCLASS = {65L06 (34A25 37C10 37C80 41A58)},
  MRNUMBER = {3510021},
MRREVIEWER = {John W. Mooney},
       DOI = {10.1007/s00211-015-0753-2},
       url = {http://dx.doi.org/10.1007/s00211-015-0753-2},
}


@article {McLachlan17bsa,
    AUTHOR = {McLachlan, Robert I. and Modin, Klas and Munthe-Kaas, Hans and
              Verdier, Oliver},
     TITLE = {Butcher series: a story of rooted trees and numerical methods
              for evolution equations},
   JOURNAL = {Asia Pac. Math. Newsl.},
  FJOURNAL = {Asia Pacific Mathematics Newsletter},
    VOLUME = {7},
      YEAR = {2017},
    NUMBER = {1},
     PAGES = {1--11},
      issn = {2010-3484},
   MRCLASS = {17A30 (17B60 65L06)},
  MRNUMBER = {3751443},
}


@article {Melendo97ana,
    AUTHOR = {Melendo, Begona and Palacios, Manuel},
     TITLE = {A new approach to the construction of multirevolution methods
              and their implementation},
   JOURNAL = {Appl. Numer. Math.},
  FJOURNAL = {Applied Numerical Mathematics. An IMACS Journal},
    VOLUME = {23},
      YEAR = {1997},
    NUMBER = {2},
     PAGES = {259--274},
      issn = {0168-9274},
   MRCLASS = {65L05},
  MRNUMBER = {1437886},
       DOI = {10.1016/S0168-9274(96)00055-4},
       url = {https://doi.org/10.1016/S0168-9274(96)00055-4},
}


@book {Merris03com,
    AUTHOR = {Merris, Russell},
     TITLE = {Combinatorics},
    SERIES = {Wiley-Interscience Series in Discrete Mathematics and
              Optimization},
   EDITION = {Second},
 PUBLISHER = {Wiley-Interscience [John Wiley \& Sons], New York},
      YEAR = {2003},
     PAGES = {xii+556},
      ISBN = {0-471-26296-X},
   MRCLASS = {05-01},
  MRNUMBER = {2000100},
       DOI = {10.1002/0471449687},
       url = {https://doi.org/10.1002/0471449687},
}


@article{Metropolis53eos,
  title={Equation of state calculations by fast computing machines},
  author={Metropolis, Nicholas and Rosenbluth, Arianna W and Rosenbluth, Marshall N and Teller, Augusta H and Teller, Edward},
  journal={J. Chem. Phys.},
  volume={21},
  number={6},
  pages={1087--1092},
  year={1953},
  publisher={AIP}
}


@article {Milstein85wao,
    AUTHOR = {Milstein, G. N.},
     TITLE = {Weak approximation of solutions of systems of stochastic
              differential equations},
   JOURNAL = {Teor. Veroyatnost. i Primenen.},
  FJOURNAL = {Akademiya Nauk SSSR. Teoriya Veroyatnoste\u\i \ i ee Primeneniya},
    VOLUME = {30},
      YEAR = {1985},
    NUMBER = {4},
     PAGES = {706--721},
      issn = {0040-361X},
   MRCLASS = {60H10},
  MRNUMBER = {816284},
MRREVIEWER = {Ya. \"A${}^{\underline{\rm a}}$. B\"A$\ll$lopol\^a${}^2$s\^a${}^2$ka},
}


@book {Milstein04snf,
    AUTHOR = {Milstein, G. N. and Tretyakov, M. V.},
     TITLE = {Stochastic numerics for mathematical physics},
    SERIES = {Scientific Computation},
 PUBLISHER = {Springer-Verlag, Berlin},
      YEAR = {2004},
     PAGES = {xx+594},
      ISBN = {3-540-21110-1},
   MRCLASS = {60-02 (35R60 37M15 60H10 60H15 60H35 65C30)},
  MRNUMBER = {2069903},
MRREVIEWER = {Peter E. Kloeden},
       DOI = {10.1007/978-3-662-10063-9},
       url = {http://dx.doi.org/10.1007/978-3-662-10063-9},
}


@article {Milstein05nio,
    AUTHOR = {Milstein, G. N. and Tretyakov, M. V.},
     TITLE = {Numerical integration of stochastic differential equations
              with nonglobally {L}ipschitz coefficients},
   JOURNAL = {SIAM J. Numer. Anal.},
  FJOURNAL = {SIAM Journal on Numerical Analysis},
    VOLUME = {43},
      YEAR = {2005},
    NUMBER = {3},
     PAGES = {1139--1154},
      issn = {0036-1429},
   MRCLASS = {60H35 (60H10 65C30)},
  MRNUMBER = {2177799},
       DOI = {10.1137/040612026},
       url = {https://doi.org/10.1137/040612026},
}


@article {Milstein07cel,
    AUTHOR = {Milstein, G. N. and Tretyakov, M. V.},
     TITLE = {Computing ergodic limits for {L}angevin equations},
   JOURNAL = {Phys. D},
  FJOURNAL = {Physica D. Nonlinear Phenomena},
    VOLUME = {229},
      YEAR = {2007},
    NUMBER = {1},
     PAGES = {81--95},
      issn = {0167-2789},
   MRCLASS = {82C31 (60H10)},
  MRNUMBER = {2340180},
MRREVIEWER = {Peter E. Kloeden},
       DOI = {10.1016/j.physd.2007.03.011},
       url = {https://doi.org/10.1016/j.physd.2007.03.011},
}


@article {Misawa01ala,
    AUTHOR = {Misawa, Tetsuya},
     TITLE = {A {L}ie algebraic approach to numerical integration of
              stochastic differential equations},
   JOURNAL = {SIAM J. Sci. Comput.},
  FJOURNAL = {SIAM Journal on Scientific Computing},
    VOLUME = {23},
      YEAR = {2001},
    NUMBER = {3},
     PAGES = {866--890},
      issn = {1064-8275},
   MRCLASS = {65C30 (35R60)},
  MRNUMBER = {1860968},
       DOI = {10.1137/S106482750037024X},
       url = {https://doi.org/10.1137/S106482750037024X},
}


@article{MuntheKaas95lbt,
  title={Lie-{B}utcher theory for {R}unge-{K}utta methods},
  author={Munthe-Kaas, Hans},
   JOURNAL = {BIT Numer. Math.},
  FJOURNAL = {BIT. Numerical Mathematics},
  volume={35},
  pages={572--587},
  year={1995},
  publisher={Springer}
}


@inproceedings{MuntheKaas97nio,
  title={Numerical integration of differential equations on homogeneous manifolds},
  author={Munthe-Kaas, Hans and Zanna, Antonella},
  booktitle={Foundations of Computational Mathematics: Selected Papers of a Conference Held at Rio de Janeiro, January 1997},
  pages={305--315},
  year={1997},
  organization={Springer}
}


@article{MuntheKaas98rkm,
  title={Runge-{K}utta methods on {L}ie groups},
  author={Munthe-Kaas, Hans},
   JOURNAL = {BIT Numer. Math.},
  FJOURNAL = {BIT. Numerical Mathematics},
  volume={38},
  pages={92--111},
  year={1998},
  publisher={Springer}
}


@article{MuntheKaas99hor,
  title={High order {R}unge-{K}utta methods on manifolds},
  author={Munthe-Kaas, Hans},
  journal={Applied Numerical Mathematics},
  volume={29},
  number={1},
  pages={115--127},
  year={1999},
  publisher={Elsevier}
}


@article {MuntheKaas08oth,
    AUTHOR = {Munthe-Kaas, H. Z. and Wright, W. M.},
     TITLE = {On the {H}opf algebraic structure of {L}ie group integrators},
   JOURNAL = {Found. Comput. Math.},
  FJOURNAL = {Foundations of Computational Mathematics. The Journal of the
              Society for the Foundations of Computational Mathematics},
    VOLUME = {8},
      YEAR = {2008},
    NUMBER = {2},
     PAGES = {227--257},
      issn = {1615-3375},
   MRCLASS = {16W30 (37M15 65L05 81R60)},
  MRNUMBER = {2407032},
MRREVIEWER = {Loic Foissy},
       DOI = {10.1007/s10208-006-0222-5},
       url = {https://doi.org/10.1007/s10208-006-0222-5},
}


@article{MuntheKaas13opl,
  title={On post-{L}ie algebras, {L}ie--{B}utcher series and moving frames},
  author={Munthe-Kaas, Hans Z and Lundervold, Alexander},
  journal={Foundations of Computational Mathematics},
  volume={13},
  pages={583--613},
  year={2013},
  publisher={Springer}
}


@article {MuntheKaas14ssa,
    AUTHOR = {Munthe-Kaas, H. Z. and Quispel, G. R. W. and Zanna, A.},
     TITLE = {Symmetric spaces and {L}ie triple systems in numerical
              analysis of differential equations},
   JOURNAL = {BIT Numer. Math.},
  FJOURNAL = {BIT. Numerical Mathematics},
    VOLUME = {54},
      YEAR = {2014},
    NUMBER = {1},
     PAGES = {257--282},
      issn = {0006-3835,1572-9125},
   MRCLASS = {65P10 (53C35 58J70)},
  MRNUMBER = {3177964},
MRREVIEWER = {Mikhail\ V.\ Tretyakov},
       DOI = {10.1007/s10543-014-0473-5},
       url = {https://doi.org/10.1007/s10543-014-0473-5},
}


@article {MuntheKaas16abs,
    AUTHOR = {Munthe-Kaas, Hans and Verdier, Olivier},
     TITLE = {Aromatic {B}utcher series},
   JOURNAL = {Found. Comput. Math.},
  FJOURNAL = {Foundations of Computational Mathematics. The Journal of the
              Society for the Foundations of Computational Mathematics},
    VOLUME = {16},
      YEAR = {2016},
    NUMBER = {1},
     PAGES = {183--215},
      issn = {1615-3375},
   MRCLASS = {65L06 (37M99 41A58 53C21)},
  MRNUMBER = {3451427},
MRREVIEWER = {Jing Bo Chen},
       DOI = {10.1007/s10208-015-9245-0},
       url = {http://dx.doi.org/10.1007/s10208-015-9245-0},
}


@article{MuntheKaas16ioh,
  title={Integrators on homogeneous spaces: Isotropy choice and connections},
  author={Munthe-Kaas, Hans and Verdier, Olivier},
  journal={Foundations of Computational Mathematics},
  volume={16},
  pages={899--939},
  year={2016},
  publisher={Springer}
}


@incollection {MuntheKaas18lbs,
    AUTHOR = {Munthe-Kaas, Hans Z. and F{\o}llesdal, Kristoffer K.},
     TITLE = {Lie-{B}utcher series, geometry, algebra and computation},
 BOOKTITLE = {Discrete mechanics, geometric integration and {L}ie-{B}utcher
              series},
    SERIES = {Springer Proc. Math. Stat.},
    VOLUME = {267},
     PAGES = {71--113},
 PUBLISHER = {Springer, Cham},
      YEAR = {2018},
   MRCLASS = {16T30 (16T05 17B05 65P99)},
  MRNUMBER = {3883643},
MRREVIEWER = {Sorin D\u{a}sc\u{a}lescu},
       DOI = {10.1007/978-3-030-01397-4\_3},
       url = {https://doi.org/10.1007/978-3-030-01397-4_3},
}


@article{MuntheKaas23lat,
      title={Lie Admissible Triple Algebras: The Connection Algebra of Symmetric Spaces}, 
      author={Hans Munthe-Kaas and Jonatan Stava},
      JOURNAL = {Submitted},
      year={2023},
      eprint={2306.15582},
      archivePrefix={arXiv},
      primaryClass={math.DG}
}


@article {MuntheKaas24gio,
    AUTHOR = {Munthe-Kaas, Hans},
     TITLE = {Geometric integration on symmetric spaces},
   JOURNAL = {J. Comput. Dyn.},
  FJOURNAL = {Journal of Computational Dynamics},
    VOLUME = {11},
      YEAR = {2024},
    NUMBER = {1},
     PAGES = {43--58},
      issn = {2158-2491,2158-2505},
   MRCLASS = {65P10 (22E70 53C35 65L05)},
  MRNUMBER = {4701213},
       DOI = {10.3934/jcd.2023015},
       url = {https://doi.org/10.3934/jcd.2023015},
}


@article {Murua99ocf,
    AUTHOR = {Murua, A. and Sanz-Serna, J. M.},
     TITLE = {Order conditions for numerical integrators obtained by
              composing simpler integrators},
   JOURNAL = {R. Soc. Lond. Philos. Trans. Ser. A Math. Phys. Eng. Sci.},
  FJOURNAL = {The Royal Society of London. Philosophical Transactions.
              Series A. Mathematical, Physical and Engineering Sciences},
    VOLUME = {357},
      YEAR = {1999},
    NUMBER = {1754},
     PAGES = {1079--1100},
      issn = {1364-503X},
   MRCLASS = {65L99 (34A45)},
  MRNUMBER = {1694703},
MRREVIEWER = {T. E. Simos},
       DOI = {10.1098/rsta.1999.0365},
       url = {https://doi.org/10.1098/rsta.1999.0365},
}


@article {Murua17wsf,
    AUTHOR = {Murua, A. and Sanz-Serna, J. M.},
     TITLE = {Word series for dynamical systems and their numerical
              integrators},
   JOURNAL = {Found. Comput. Math.},
  FJOURNAL = {Foundations of Computational Mathematics. The Journal of the
              Society for the Foundations of Computational Mathematics},
    VOLUME = {17},
      YEAR = {2017},
    NUMBER = {3},
     PAGES = {675--712},
      issn = {1615-3375,1615-3383},
   MRCLASS = {34A25 (16S10 34C29 65L05 65P99 70H05)},
  MRNUMBER = {3648103},
MRREVIEWER = {Anatoliy\ Prykarpatsky},
       DOI = {10.1007/s10208-015-9295-3},
       url = {https://doi.org/10.1007/s10208-015-9295-3},
}


@incollection {Murua18hat,
    AUTHOR = {Murua, Ander and Sanz-Serna, Jes\'{u}s M.},
     TITLE = {Hopf algebra techniques to handle dynamical systems and
              numerical integrators},
 BOOKTITLE = {Computation and combinatorics in dynamics, stochastics and
              control},
    SERIES = {Abel Symp.},
    VOLUME = {13},
     PAGES = {629--658},
 PUBLISHER = {Springer, Cham},
      YEAR = {2018},
      ISBN = {978-3-030-01592-3; 978-3-030-01593-0},
   MRCLASS = {16T05 (65P10)},
  MRNUMBER = {3967399},
MRREVIEWER = {Giorgi\ Giorrgi\ Rakviashvili},
}


@article {Newton91aer,
    AUTHOR = {Newton, Nigel J.},
     TITLE = {Asymptotically efficient {R}unge-{K}utta methods for a class
              of {I}t\^{o} and {S}tratonovich equations},
   JOURNAL = {SIAM J. Appl. Math.},
  FJOURNAL = {SIAM Journal on Applied Mathematics},
    VOLUME = {51},
      YEAR = {1991},
    NUMBER = {2},
     PAGES = {542--567},
      issn = {0036-1399},
   MRCLASS = {60H10 (65L06 65U05 93E11)},
  MRNUMBER = {1095034},
MRREVIEWER = {Eckhard Platen},
       DOI = {10.1137/0151028},
       url = {https://doi.org/10.1137/0151028},
}


@article {Noether71ivp,
    AUTHOR = {Noether, Emmy},
     TITLE = {Invariant variation problems},
   JOURNAL = {Transport Theory Statist. Phys.},
  FJOURNAL = {Transport Theory and Statistical Physics},
    VOLUME = {1},
      YEAR = {1971},
    NUMBER = {3},
     PAGES = {186--207},
      issn = {0041-1450},
   MRCLASS = {01A75 (49-03 83.01)},
  MRNUMBER = {406752},
       DOI = {10.1080/00411457108231446},
       url = {https://doi.org/10.1080/00411457108231446},
}


@article {Nusken19css,
    AUTHOR = {N\"{u}sken, N. and Pavliotis, G. A.},
     TITLE = {Constructing sampling schemes via coupling: {M}arkov
              semigroups and optimal transport},
   JOURNAL = {SIAM/ASA J. Uncertain. Quantif.},
  FJOURNAL = {SIAM/ASA Journal on Uncertainty Quantification},
    VOLUME = {7},
      YEAR = {2019},
    NUMBER = {1},
     PAGES = {324--382},
   MRCLASS = {60J35 (35R60 47D07 65C05 65C35)},
  MRNUMBER = {3928355},
       DOI = {10.1137/18M119896X},
       url = {https://doi.org/10.1137/18M119896X},
}


@misc{OEIS,
  author={{OEIS Foundation Inc.}},
  title={The {O}n-{L}ine {E}ncyclopedia of {I}nteger {S}equences},
  year={2022},
  url={http://oeis.org},
}


@book{Oksendal03sde,
    AUTHOR = {{\O}ksendal, Bernt},
     TITLE = {Stochastic differential equations},
    SERIES = {Universitext},
   EDITION = {Sixth},
      NOTE = {An introduction with applications},
 PUBLISHER = {Springer-Verlag, Berlin},
      YEAR = {2003},
     PAGES = {xxiv+360},
      ISBN = {3-540-04758-1},
   MRCLASS = {60H10 (60G44 60J60)},
  MRNUMBER = {2001996},
       DOI = {10.1007/978-3-642-14394-6},
       url = {https://doi.org/10.1007/978-3-642-14394-6},
}


@article {Olver78aro,
    AUTHOR = {Olver, Peter J. and Shakiban, Chehrzad},
     TITLE = {A resolution of the {E}uler operator. {I}},
   JOURNAL = {Proc. Amer. Math. Soc.},
  FJOURNAL = {Proceedings of the American Mathematical Society},
    VOLUME = {69},
      YEAR = {1978},
    NUMBER = {2},
     PAGES = {223--229},
      issn = {0002-9939},
   MRCLASS = {13N05 (49C10 58F07)},
  MRNUMBER = {486822},
MRREVIEWER = {Alexander A. Pankov},
       DOI = {10.2307/2042601},
       url = {https://doi.org/10.2307/2042601},
}


@book {Olver93aol,
    AUTHOR = {Olver, Peter J.},
     TITLE = {Applications of {L}ie groups to differential equations},
    SERIES = {Graduate Texts in Mathematics},
    VOLUME = {107},
   EDITION = {Second},
 PUBLISHER = {Springer-Verlag, New York},
      YEAR = {1993},
     PAGES = {xxviii+513},
      ISBN = {0-387-94007-3; 0-387-95000-1},
   MRCLASS = {58G35 (22E60 35A30 58F05 58F07)},
  MRNUMBER = {1240056},
       DOI = {10.1007/978-1-4612-4350-2},
       url = {https://doi.org/10.1007/978-1-4612-4350-2},
}


@article{Omelyan02coh,
  title={Construction of high-order force-gradient algorithms for integration of motion in classical and quantum systems},
  author={Omelyan, IP and Mryglod, IM and Folk, Reinhard},
  journal={Physical Review E},
  volume={66},
  number={2},
  pages={026701},
  year={2002},
  publisher={APS}
}


@article{Omelyan03sai,
  title={Symplectic analytically integrable decomposition algorithms: classification, derivation, and application to molecular dynamics, quantum and celestial mechanics simulations},
  author={Omelyan, IP and Mryglod, IM and Folk, R},
  journal={Computer Physics Communications},
  volume={151},
  number={3},
  pages={272--314},
  year={2003},
  publisher={Elsevier}
}


@article {Oudom08otl,
    AUTHOR = {Oudom, J.-M. and Guin, D.},
     TITLE = {On the {L}ie enveloping algebra of a pre-{L}ie algebra},
   JOURNAL = {J. K-Theory},
  FJOURNAL = {Journal of K-Theory. K-Theory and its Applications in Algebra,
              Geometry, Analysis \& Topology},
    VOLUME = {2},
      YEAR = {2008},
    NUMBER = {1},
     PAGES = {147--167},
      issn = {1865-2433},
   MRCLASS = {17B35 (16S30 16W30 17D25)},
  MRNUMBER = {2434170},
MRREVIEWER = {Kostas I. Kanakoglou},
       DOI = {10.1017/is008001011jkt037},
       url = {https://doi.org/10.1017/is008001011jkt037},
}


@article {Owren99rkm,
    AUTHOR = {Owren, B. and Marthinsen, A.},
     TITLE = {Runge-{K}utta methods adapted to manifolds and based on rigid
              frames},
   JOURNAL = {BIT Numer. Math.},
  FJOURNAL = {BIT. Numerical Mathematics},
    VOLUME = {39},
      YEAR = {1999},
    NUMBER = {1},
     PAGES = {116--142},
      issn = {0006-3835},
   MRCLASS = {65L06 (34A45)},
  MRNUMBER = {1682404},
MRREVIEWER = {Iulian\ Coroian},
       DOI = {10.1023/A:1022325426017},
       url = {https://doi.org/10.1023/A:1022325426017},
}


@article{Owren06ocf,
  title={Order conditions for commutator-free {L}ie group methods},
  author={Owren, Brynjulf},
  journal={Journal of Physics A: Mathematical and General},
  volume={39},
  number={19},
  pages={5585},
  year={2006},
  publisher={IOP Publishing}
}



@article {Petrera11oio,
    AUTHOR = {Petrera, Matteo and Pfadler, Andreas and Suris, Yuri B.},
     TITLE = {On integrability of {H}irota-{K}imura type discretizations},
   JOURNAL = {Regul. Chaotic Dyn.},
  FJOURNAL = {Regular and Chaotic Dynamics. International Scientific
              Journal},
    VOLUME = {16},
      YEAR = {2011},
    NUMBER = {3-4},
     PAGES = {245--289},
      issn = {1560-3547},
   MRCLASS = {37K10 (37J35 37M15 70E40 70H06)},
  MRNUMBER = {2810980},
MRREVIEWER = {Rei Inoue},
       DOI = {10.1134/S1560354711030051},
       url = {https://doi.org/10.1134/S1560354711030051},
}


@article {Plechac09imm,
    AUTHOR = {Plech\'{a}\v{c}, Petr and Rousset, Mathias},
     TITLE = {Implicit mass-matrix penalization of {H}amiltonian dynamics
              with application to exact sampling of stiff systems},
   JOURNAL = {Multiscale Model. Simul.},
  FJOURNAL = {Multiscale Modeling \& Simulation. A SIAM Interdisciplinary
              Journal},
    VOLUME = {8},
      YEAR = {2009/10},
    NUMBER = {2},
     PAGES = {498--539},
      issn = {1540-3459},
   MRCLASS = {65C05 (65L04 82B80)},
  MRNUMBER = {2581032},
       DOI = {10.1137/08072348X},
       url = {https://doi.org/10.1137/08072348X},
}


@article {Poole10tho,
    AUTHOR = {Poole, Douglas and Hereman, Willy},
     TITLE = {The homotopy operator method for symbolic integration by parts and inversion of divergences with applications},
   JOURNAL = {Appl. Anal.},
  FJOURNAL = {Applicable Analysis. An International Journal},
    VOLUME = {89},
      YEAR = {2010},
    NUMBER = {4},
     PAGES = {433--455},
      issn = {0003-6811},
   MRCLASS = {37K05 (35A35 35L65 37-04 37J35)},
  MRNUMBER = {2647760},
MRREVIEWER = {Bernard Deconinck},
       DOI = {10.1080/00036810903208155},
       url = {https://doi.org/10.1080/00036810903208155},
}


@article{Prosen06hon,
  title={High order non-unitary split-step decomposition of unitary operators},
  author={Prosen, Toma{\v{z}} and Pi{\v{z}}orn, Iztok},
  journal={Journal of Physics A: Mathematical and General},
  volume={39},
  number={20},
  pages={5957},
  year={2006},
  publisher={IOP Publishing}
}


@article {Quispel95vpi,
    AUTHOR = {Quispel, G. R. W.},
     TITLE = {Volume-preserving integrators},
   JOURNAL = {Phys. Lett. A},
  FJOURNAL = {Physics Letters. A},
    VOLUME = {206},
      YEAR = {1995},
    NUMBER = {1-2},
     PAGES = {26--30},
      issn = {0375-9601},
   MRCLASS = {65D30},
  MRNUMBER = {1370428},
       DOI = {10.1016/0375-9601(95)00586-R},
       url = {https://doi.org/10.1016/0375-9601(95)00586-R},
}


@article {Rahm22aoa,
    AUTHOR = {Rahm, Ludwig},
     TITLE = {An operadic approach to substitution in {L}ie-{B}utcher
              series},
   JOURNAL = {Forum Math. Sigma},
  FJOURNAL = {Forum of Mathematics. Sigma},
    VOLUME = {10},
      YEAR = {2022},
     PAGES = {Paper No. e20, 29},
   MRCLASS = {16T10 (16T15 22E30)},
  MRNUMBER = {4404411},
MRREVIEWER = {Shanghua Zheng},
       DOI = {10.1017/fms.2022.12},
       url = {https://doi.org/10.1017/fms.2022.12},
}


@article{Raissi19pin,
  title={Physics-informed neural networks: {A} deep learning framework for solving forward and inverse problems involving nonlinear partial differential equations},
  author={Raissi, Maziar and Perdikaris, Paris and Karniadakis, George E},
  journal={Journal of Computational physics},
  volume={378},
  pages={686--707},
  year={2019},
  publisher={Elsevier}
}


@book {Reutenauer93fla,
    AUTHOR = {Reutenauer, Christophe},
     TITLE = {Free {L}ie algebras},
    SERIES = {London Mathematical Society Monographs. New Series},
    VOLUME = {7},
      NOTE = {Oxford Science Publications},
 PUBLISHER = {The Clarendon Press, Oxford University Press, New York},
      YEAR = {1993},
     PAGES = {xviii+269},
      ISBN = {0-19-853679-8},
   MRCLASS = {17-02 (05-02 17B05)},
  MRNUMBER = {1231799},
MRREVIEWER = {Hartmut\ Laue},
}


@book {Revuz94cma,
    AUTHOR = {Revuz, Daniel and Yor, Marc},
     TITLE = {Continuous martingales and {B}rownian motion},
    SERIES = {Grundlehren der Mathematischen Wissenschaften [Fundamental
              Principles of Mathematical Sciences]},
    VOLUME = {293},
   EDITION = {Second},
 PUBLISHER = {Springer-Verlag, Berlin},
      YEAR = {1994},
     PAGES = {xii+560},
      ISBN = {3-540-57622-3},
   MRCLASS = {60G44 (60G07 60H05)},
  MRNUMBER = {1303781},
}


@article {Rossler04ste,
    AUTHOR = {R\"o{\ss}ler, Andreas},
     TITLE = {Stochastic {T}aylor expansions for the expectation of
              functionals of diffusion processes},
   JOURNAL = {Stochastic Anal. Appl.},
  FJOURNAL = {Stochastic Analysis and Applications},
    VOLUME = {22},
      YEAR = {2004},
    NUMBER = {6},
     PAGES = {1553--1576},
      issn = {0736-2994},
   MRCLASS = {60H35 (41A58 60H10 60J60 65C30)},
  MRNUMBER = {2095070},
MRREVIEWER = {G. Leha},
       DOI = {10.1081/SAP-200029495},
       url = {http://dx.doi.org/10.1081/SAP-200029495},
}


@inproceedings {Rossler04rkm,
    AUTHOR = {R\"o{\ss}ler, Andreas},
     TITLE = {Runge-{K}utta methods for {S}tratonovich stochastic
              differential equation systems with commutative noise},
 BOOKTITLE = {Proceedings of the 10th {I}nternational {C}ongress on
              {C}omputational and {A}pplied {M}athematics ({ICCAM}-2002)},
   JOURNAL = {J. Comput. Appl. Math.},
  FJOURNAL = {Journal of Computational and Applied Mathematics},
    VOLUME = {164/165},
      YEAR = {2004},
     PAGES = {613--627},
      issn = {0377-0427,1879-1778},
   MRCLASS = {65C30 (60H20)},
  MRNUMBER = {2056903},
       DOI = {10.1016/j.cam.2003.09.009},
       url = {https://doi.org/10.1016/j.cam.2003.09.009},
}


@article {Rossler06rkm,
    AUTHOR = {R\"o{\ss}ler, Andreas},
     TITLE = {Runge-{K}utta methods for {I}t\^o stochastic differential
              equations with scalar noise},
   JOURNAL = {BIT Numer. Math.},
  FJOURNAL = {BIT. Numerical Mathematics},
    VOLUME = {46},
      YEAR = {2006},
    NUMBER = {1},
     PAGES = {97--110},
      issn = {0006-3835},
   MRCLASS = {65C30 (60H10 60H35 65L06)},
  MRNUMBER = {2214850},
MRREVIEWER = {Roger Pettersson},
       DOI = {10.1007/s10543-005-0039-7},
       url = {http://dx.doi.org/10.1007/s10543-005-0039-7},
}


@article {Rossler06rta,
    AUTHOR = {R\"o{\ss}ler, Andreas},
     TITLE = {Rooted tree analysis for order conditions of stochastic
              {R}unge-{K}utta methods for the weak approximation of
              stochastic differential equations},
   JOURNAL = {Stoch. Anal. Appl.},
  FJOURNAL = {Stochastic Analysis and Applications},
    VOLUME = {24},
      YEAR = {2006},
    NUMBER = {1},
     PAGES = {97--134},
      issn = {0736-2994},
   MRCLASS = {65C30 (34F05 37H10 60H10 60H35)},
  MRNUMBER = {2198539},
MRREVIEWER = {Henri Schurz},
       DOI = {10.1080/07362990500397699},
       url = {http://dx.doi.org/10.1080/07362990500397699},
}


@article {Rossler07sor,
    AUTHOR = {R\"ossler, Andreas},
     TITLE = {Second order {R}unge-{K}utta methods for {S}tratonovich
              stochastic differential equations},
   JOURNAL = {BIT},
  FJOURNAL = {BIT. Numerical Mathematics},
    VOLUME = {47},
      YEAR = {2007},
    NUMBER = {3},
     PAGES = {657--680},
      issn = {0006-3835,1572-9125},
   MRCLASS = {60H35 (60H10 65C30)},
  MRNUMBER = {2338537},
MRREVIEWER = {Evelyn\ Buckwar},
       DOI = {10.1007/s10543-007-0130-3},
       url = {https://doi.org/10.1007/s10543-007-0130-3},
}


@incollection {Rossler10saw,
    AUTHOR = {R\"o{\ss}ler, Andreas},
     TITLE = {Strong and weak approximation methods for stochastic
              differential equations---some recent developments},
 BOOKTITLE = {Recent developments in applied probability and statistics},
     PAGES = {127--153},
 PUBLISHER = {Physica, Heidelberg},
      YEAR = {2010},
   MRCLASS = {60H35 (65C30)},
  MRNUMBER = {2730913},
       DOI = {10.1007/978-3-7908-2598-5_6},
       url = {http://dx.doi.org/10.1007/978-3-7908-2598-5_6},
}


@article {Rossler10ste,
    AUTHOR = {R\"{o}{\ss}ler, Andreas},
     TITLE = {Stochastic {T}aylor expansions for functionals of diffusion
              processes},
   JOURNAL = {Stoch. Anal. Appl.},
  FJOURNAL = {Stochastic Analysis and Applications},
    VOLUME = {28},
      YEAR = {2010},
    NUMBER = {3},
     PAGES = {415--429},
      issn = {0736-2994},
   MRCLASS = {60H35 (60J60 65C30)},
  MRNUMBER = {2739567},
MRREVIEWER = {Thorsten Sickenberger},
       DOI = {10.1080/07362991003707905},
       url = {https://doi.org/10.1080/07362991003707905},
}


@article{Rowlands91ana,
  title={A numerical algorithm for {H}amiltonian systems},
  author={Rowlands, G},
  journal={Journal of Computational Physics},
  volume={97},
  number={1},
  pages={235--239},
  year={1991},
  publisher={Elsevier}
}



@article {Ryckaert77nio,
  title={Numerical integration of the cartesian equations of motion of a system with constraints: molecular dynamics of n-alkanes},
  author={Ryckaert, Jean-Paul and Ciccotti, Giovanni and Berendsen, Herman JC},
  journal={J. Comput. Phys.},
  volume={23},
  number={3},
  pages={327--341},
  year={1977},
  publisher={Elsevier}
}


@article {Saidi10oap,
    AUTHOR = {Sa\"{\i}di, Abdellatif},
     TITLE = {On a pre-{L}ie algebra defined by insertion of rooted trees},
   JOURNAL = {Lett. Math. Phys.},
  FJOURNAL = {Letters in Mathematical Physics},
    VOLUME = {92},
      YEAR = {2010},
    NUMBER = {2},
     PAGES = {181--196},
      issn = {0377-9017},
   MRCLASS = {16T30 (05C05 05C25)},
  MRNUMBER = {2645825},
MRREVIEWER = {Mat\'{\i}as A. Gra\~{n}a},
       DOI = {10.1007/s11005-010-0377-5},
       url = {https://doi.org/10.1007/s11005-010-0377-5},
}


@phdthesis{Saidi11adh,
  title={Alg{\`e}bres de Hopf d'arbres et structures pr{\'e}-Lie},
  author={Sa{\"\i}di, Abdellatif},
  year={2011},
  school={Universit{\'e} Blaise Pascal-Clermont-Ferrand II}
}


@book {Sakai96tom,
    AUTHOR = {Sakai, Takashi},
     TITLE = {Riemannian geometry},
    SERIES = {Translations of Mathematical Monographs},
    VOLUME = {149},
      NOTE = {Translated from the 1992 Japanese original by the author},
 PUBLISHER = {American Mathematical Society, Providence, RI},
      YEAR = {1996},
     PAGES = {xiv+358},
      ISBN = {0-8218-0284-4},
   MRCLASS = {53-01 (53-02)},
  MRNUMBER = {1390760},
MRREVIEWER = {Conrad Plaut},
}


@book {Sanders07ami,
    AUTHOR = {Sanders, J. A. and Verhulst, F. and Murdock, J.},
     TITLE = {Averaging methods in nonlinear dynamical systems},
    SERIES = {Applied Mathematical Sciences},
    VOLUME = {59},
   EDITION = {Second},
 PUBLISHER = {Springer, New York},
      YEAR = {2007},
     PAGES = {xxii+431},
      ISBN = {978-0-387-48916-2; 0-387-48916-9},
   MRCLASS = {34-02 (34C29 34D15 34E10 34E15 37D10 37J40)},
  MRNUMBER = {2316999},
MRREVIEWER = {Zvi Artstein},
}


@incollection {SanzSerna14mcm,
    AUTHOR = {Sanz-Serna, J. M.},
     TITLE = {Markov chain {M}onte {C}arlo and numerical differential
              equations},
 BOOKTITLE = {Current challenges in stability issues for numerical
              differential equations},
    SERIES = {Lecture Notes in Math.},
    VOLUME = {2082},
     PAGES = {39--88},
 PUBLISHER = {Springer, Cham},
      YEAR = {2014},
   MRCLASS = {65C30 (34F05 60J05 60J20 60J70 65C05)},
  MRNUMBER = {3204991},
MRREVIEWER = {Gabriela Mircea},
       DOI = {10.1007/978-3-319-01300-8_2},
       url = {https://doi.org/10.1007/978-3-319-01300-8_2},
}


@inproceedings {SanzSerna15fsa,
    AUTHOR = {Sanz-Serna, Jes\'us Mar\'\i{}a and Murua, Ander},
     TITLE = {Formal series and numerical integrators: some history and some new techniques},
 BOOKTITLE = {Proceedings of the 8th {I}nternational {C}ongress on
              {I}ndustrial and {A}pplied {M}athematics},
     PAGES = {311--331},
 PUBLISHER = {Higher Ed. Press, Beijing},
      YEAR = {2015},
   MRCLASS = {65L06 (22E05 34C29)},
  MRNUMBER = {3408474},
}


@article{Schonle24sms,
      title={Sampling metastable systems using collective variables and Jarzynski-Crooks paths}, 
      author={Christoph Schönle and Marylou Gabrié and Tony Lelièvre and Gabriel Stoltz},
      year={2024},
      eprint={2405.18160},
      archivePrefix={arXiv},
      primaryClass={cond-mat.stat-mech},
      url={https://arxiv.org/abs/2405.18160}, 
}


@article{Schuh24cok,
  title={Convergence of kinetic Langevin samplers for non-convex potentials},
  author={Schuh, Katharina and Whalley, Peter A},
  journal={arXiv preprint arXiv:2405.09992},
  year={2024}
}


@article{Schwarz23erw,
  title={Efficient random walks on Riemannian manifolds},
  author={Schwarz, Simon and Herrmann, Michael and Sturm, Anja and Wardetzky, Max},
  journal={Foundations of Computational Mathematics},
  pages={1--17},
  year={2023},
  publisher={Springer},
  DOI={10.1007/s10208-023-09635-6}
}


@incollection {Scovel91sni,
    AUTHOR = {Scovel, Clint},
     TITLE = {Symplectic numerical integration of {H}amiltonian systems},
 BOOKTITLE = {The geometry of {H}amiltonian systems ({B}erkeley, {CA},
              1989)},
    SERIES = {Math. Sci. Res. Inst. Publ.},
    VOLUME = {22},
     PAGES = {463--496},
 PUBLISHER = {Springer, New York},
      YEAR = {1991},
   MRCLASS = {58-04 (34A50 58F05 70-08 70H05)},
  MRNUMBER = {1123288},
MRREVIEWER = {Manuel de Le\'{o}n},
       DOI = {10.1007/978-1-4613-9725-0\_17},
       url = {https://doi.org/10.1007/978-1-4613-9725-0_17},
}


@article {Shakiban81aro,
    AUTHOR = {Shakiban, Chehrzad},
     TITLE = {A resolution of the {E}uler operator. {II}},
   JOURNAL = {Math. Proc. Cambridge Philos. Soc.},
  FJOURNAL = {Mathematical Proceedings of the Cambridge Philosophical
              Society},
    VOLUME = {89},
      YEAR = {1981},
    NUMBER = {3},
     PAGES = {501--510},
      issn = {0305-0041},
   MRCLASS = {13N05 (49C10 58F07)},
  MRNUMBER = {602303},
MRREVIEWER = {Alexander A. Pankov},
       DOI = {10.1017/S0305004100058394},
       url = {https://doi.org/10.1017/S0305004100058394},
}


@article {Shang94cov,
    AUTHOR = {Shang, Zai Jiu},
     TITLE = {Construction of volume-preserving difference schemes for
              source-free systems via generating functions},
   JOURNAL = {J. Comput. Math.},
  FJOURNAL = {Journal of Computational Mathematics},
    VOLUME = {12},
      YEAR = {1994},
    NUMBER = {3},
     PAGES = {265--272},
      issn = {0254-9409},
   MRCLASS = {65M06},
  MRNUMBER = {1290253},
}


@article {Shardlow06mef,
    AUTHOR = {Shardlow, Tony},
     TITLE = {Modified equations for stochastic differential equations},
   JOURNAL = {BIT Numer. Math.},
  FJOURNAL = {BIT. Numerical Mathematics},
    VOLUME = {46},
      YEAR = {2006},
    NUMBER = {1},
     PAGES = {111--125},
      issn = {0006-3835},
   MRCLASS = {65C30 (35R60 60H10 60H35)},
  MRNUMBER = {2214851},
MRREVIEWER = {Edward J. Allen},
       DOI = {10.1007/s10543-005-0041-0},
       url = {https://doi.org/10.1007/s10543-005-0041-0},
}


@article {Sharma20nrs,
      title={Non-reversible sampling schemes on submanifolds}, 
      author={Upanshu Sharma and Wei Zhang},
      JOURNAL = {Submitted},
      year={2020},
      eprint={2011.02835},
      archivePrefix={arXiv},
      primaryClass={math.NA}
}


@article{Sheng89slp,
  title={Solving linear partial differential equations by exponential splitting},
  author={Sheng, Qin},
  journal={IMA Journal of numerical analysis},
  volume={9},
  number={2},
  pages={199--212},
  year={1989},
  publisher={Oxford University Press}
}


@article{Suzuki91gto,
  title={General theory of fractal path integrals with applications to many-body theories and statistical physics},
  author={Suzuki, Masuo},
  journal={Journal of Mathematical Physics},
  volume={32},
  number={2},
  pages={400--407},
  year={1991},
  publisher={American Institute of Physics}
}


@article{Takahashi84mcc,
  title={Monte {C}arlo calculation of quantum systems. {II}. {H}igher order correction},
  author={Takahashi, Minoru and Imada, Masatoshi},
  journal={Journal of the Physical Society of Japan},
  volume={53},
  number={11},
  pages={3765--3769},
  year={1984},
  publisher={The Physical Society of Japan}
}


@article {Talay90eot,
    AUTHOR = {Talay, Denis and Tubaro, Luciano},
     TITLE = {Expansion of the global error for numerical schemes solving
              stochastic differential equations},
   JOURNAL = {Stochastic Anal. Appl.},
  FJOURNAL = {Stochastic Analysis and Applications},
    VOLUME = {8},
      YEAR = {1990},
    NUMBER = {4},
     PAGES = {483--509 (1991)},
      issn = {0736-2994},
   MRCLASS = {60H10 (65U05)},
  MRNUMBER = {1091544},
MRREVIEWER = {G. N. Mil\^a${}^2$shte\"A-n},
       DOI = {10.1080/07362999008809220},
       url = {http://dx.doi.org/10.1080/07362999008809220},
}


@article {Talay90sod,
  title={Second-order discretization schemes of stochastic differential systems for the computation of the invariant law},
  author={Talay, Denis},
  journal={Stochastics: An International Journal of Probability and Stochastic Processes},
  volume={29},
  number={1},
  pages={13--36},
  year={1990},
  publisher={Taylor \& Francis}
}


@incollection {Talay96pnm,
    AUTHOR = {Talay, Denis},
     TITLE = {Probabilistic numerical methods for partial differential
              equations: elements of analysis},
 BOOKTITLE = {Probabilistic models for nonlinear partial differential
              equations ({M}ontecatini {T}erme, 1995)},
    SERIES = {Lecture Notes in Math.},
    VOLUME = {1627},
     PAGES = {148--196},
 PUBLISHER = {Springer, Berlin},
      YEAR = {1996},
   MRCLASS = {60H30 (65C05)},
  MRNUMBER = {1431302},
MRREVIEWER = {Leszek S\l omi\'{n}ski},
       DOI = {10.1007/BFb0093180},
       url = {https://doi.org/10.1007/BFb0093180},
}


@article {Talay02shs,
    AUTHOR = {Talay, D.},
     TITLE = {Stochastic {H}amiltonian systems: exponential convergence to
              the invariant measure, and discretization by the implicit
              {E}uler scheme},
      NOTE = {Inhomogeneous random systems (Cergy-Pontoise, 2001)},
   JOURNAL = {Markov Process. Related Fields},
  FJOURNAL = {Markov Processes and Related Fields},
    VOLUME = {8},
      YEAR = {2002},
    NUMBER = {2},
     PAGES = {163--198},
      issn = {1024-2953},
   MRCLASS = {60H10 (37J99 60H35)},
  MRNUMBER = {1924934},
MRREVIEWER = {Jan I. Seidler},
}


@article {Tang17ews,
    AUTHOR = {Tang, Xiao and Xiao, Aiguo},
     TITLE = {Efficient weak second-order stochastic {R}unge-{K}utta methods
              for {I}t\^{o} stochastic differential equations},
   JOURNAL = {BIT Numer. Math.},
  FJOURNAL = {BIT. Numerical Mathematics},
    VOLUME = {57},
      YEAR = {2017},
    NUMBER = {1},
     PAGES = {241--260},
      issn = {0006-3835},
   MRCLASS = {65C30 (60H10 60H35)},
  MRNUMBER = {3608318},
MRREVIEWER = {John Masson Noble},
       DOI = {10.1007/s10543-016-0618-9},
       url = {https://doi.org/10.1007/s10543-016-0618-9},
}


@article {Tao10nas,
    AUTHOR = {Tao, Molei and Owhadi, Houman and Marsden, Jerrold E.},
     TITLE = {Nonintrusive and structure preserving multiscale integration
              of stiff {ODE}s, {SDE}s, and {H}amiltonian systems with hidden
              slow dynamics via flow averaging},
   JOURNAL = {Multiscale Model. Simul.},
  FJOURNAL = {Multiscale Modeling \& Simulation. A SIAM Interdisciplinary
              Journal},
    VOLUME = {8},
      YEAR = {2010},
    NUMBER = {4},
     PAGES = {1269--1324},
      issn = {1540-3459},
   MRCLASS = {34E13 (34C29 37J05 37M15 60H35 65C30 65L04 70H05)},
  MRNUMBER = {2718261},
MRREVIEWER = {H. A. Nour Eldin},
       DOI = {10.1137/090771648},
       url = {https://doi.org/10.1137/090771648},
}


@article{Tavare97ict,
	title={Inferring coalescence times from {DNA} sequence data},
	author={Tavar{\'e}, Simon and Balding, David J and Griffiths, Robert C and Donnelly, Peter},
	journal={Genetics},
	volume={145},
	number={2},
	pages={505--518},
	year={1997},
	publisher={Genetics Soc America}
}

@article{Thalmaier20eia,
	Author = {Thalmaier, Anton and Thompson, James},
	Title = {Exponential integrability and exit times of diffusions on sub-{Riemannian} and metric measure spaces},
	FJournal = {Bernoulli},
	Journal = {Bernoulli},
	ISSN = {1350-7265},
	Volume = {26},
	Number = {3},
	Pages = {2202--2225},
	Year = {2020},
	DOI = {10.3150/19-BEJ1190}
}

@article{Thompson20bma,
	Author = {Thompson, James},
	Title = {Brownian motion and the distance to a submanifold},
	FJournal = {Potential Analysis},
	Journal = {Potential Anal.},
	ISSN = {0926-2601},
	Volume = {45},
	Number = {3},
	Pages = {485--508},
	Year = {2016},
	DOI = {10.1007/s11118-016-9553-2}
}


@article {Tsujishita82ovb,
	AUTHOR = {Tsujishita, Toru},
	TITLE = {On variation bicomplexes associated to differential equations},
	JOURNAL = {Osaka Math. J.},
	FJOURNAL = {Osaka Mathematical Journal},
	VOLUME = {19},
	YEAR = {1982},
	NUMBER = {2},
	PAGES = {311--363},
	issn = {0388-0699},
	MRCLASS = {58G05 (55T99 57R32 58H10)},
	MRNUMBER = {667492},
	MRREVIEWER = {A. M. Vinogradov},
	url = {http://projecteuclid.org/euclid.ojm/1200775039},
}


@inproceedings {Tulczyjew80tel,
    AUTHOR = {Tulczyjew, W. M.},
     TITLE = {The {E}uler-{L}agrange resolution},
 BOOKTITLE = {Differential geometrical methods in mathematical physics
              ({P}roc. {C}onf., {A}ix-en-{P}rovence/{S}alamanca, 1979)},
    SERIES = {Lecture Notes in Math.},
    VOLUME = {836},
     PAGES = {22--48},
 PUBLISHER = {Springer, Berlin},
      YEAR = {1980},
   MRCLASS = {58A10 (58E15)},
  MRNUMBER = {607685},
MRREVIEWER = {Demeter Krupka},
}


@article {VandenEijnden03ntf,
    AUTHOR = {Vanden-Eijnden, Eric},
     TITLE = {Numerical techniques for multi-scale dynamical systems with
              stochastic effects},
   JOURNAL = {Commun. Math. Sci.},
  FJOURNAL = {Communications in Mathematical Sciences},
    VOLUME = {1},
      YEAR = {2003},
    NUMBER = {2},
     PAGES = {385--391},
      issn = {1539-6746},
   MRCLASS = {60H10 (60J25)},
  MRNUMBER = {1980483},
       url = {http://projecteuclid.org/euclid.cms/1118152078},
}

@Book{Vasquez07tpm,
 Author = {V{\'a}zquez, Juan Luis},
 Title = {The porous medium equation. {Mathematical} theory},
 FSeries = {Oxford Mathematical Monographs},
 Series = {Oxford Math. Monogr.},
 ISBN = {0-19-856903-3},
 Year = {2007},
 Publisher = {Oxford: Oxford University Press},
 Language = {English},
 Keywords = {35-02,35Kxx,35K65,76S05}
}

@article {Vilmart14wso,
    AUTHOR = {Vilmart, Gilles},
     TITLE = {Weak second order multirevolution composition methods for
              highly oscillatory stochastic differential equations with
              additive or multiplicative noise},
   JOURNAL = {SIAM J. Sci. Comput.},
  FJOURNAL = {SIAM Journal on Scientific Computing},
    VOLUME = {36},
      YEAR = {2014},
    NUMBER = {4},
     PAGES = {A1770--A1796},
      issn = {1064-8275},
   MRCLASS = {65C30},
  MRNUMBER = {3246903},
MRREVIEWER = {Nikolaos Halidias},
       DOI = {10.1137/130935331},
       url = {http://dx.doi.org/10.1137/130935331},
}


@article {Vilmart15pif,
    AUTHOR = {Vilmart, Gilles},
     TITLE = {Postprocessed integrators for the high order integration of
              ergodic {SDE}s},
   JOURNAL = {SIAM J. Sci. Comput.},
  FJOURNAL = {SIAM Journal on Scientific Computing},
    VOLUME = {37},
      YEAR = {2015},
    NUMBER = {1},
     PAGES = {A201--A220},
      issn = {1064-8275},
   MRCLASS = {65C30 (37M25 60H35)},
  MRNUMBER = {3302597},
MRREVIEWER = {Nikolaos Halidias},
       DOI = {10.1137/140974328},
       url = {http://dx.doi.org/10.1137/140974328},
}


@article {Vinogradov78ass,
    AUTHOR = {Vinogradov, A. M.},
     TITLE = {A spectral sequence that is connected with a nonlinear
              differential equation, and the algebraic-geometry foundations
              of the {L}agrange field theory with constrain},
   JOURNAL = {Dokl. Akad. Nauk SSSR},
  FJOURNAL = {Doklady Akademii Nauk SSSR},
    VOLUME = {238},
      YEAR = {1978},
    NUMBER = {5},
     PAGES = {1028--1031},
      issn = {0002-3264},
   MRCLASS = {58G99 (58H10)},
  MRNUMBER = {483733},
MRREVIEWER = {B. Cenkl},
}


@article {Vinogradov84tcsa,
    AUTHOR = {Vinogradov, A. M.},
     TITLE = {The {${\cal C}$}-spectral sequence, {L}agrangian formalism,
              and conservation laws. {I}. {T}he linear theory},
   JOURNAL = {J. Math. Anal. Appl.},
  FJOURNAL = {Journal of Mathematical Analysis and Applications},
    VOLUME = {100},
      YEAR = {1984},
    NUMBER = {1},
     PAGES = {1--40},
      issn = {0022-247X},
   MRCLASS = {58G37 (35A30 58A17 58G35)},
  MRNUMBER = {739951},
MRREVIEWER = {J. Chrastina},
       DOI = {10.1016/0022-247X(84)90071-4},
       url = {https://doi.org/10.1016/0022-247X(84)90071-4},
}


@article {Vinogradov84tcsb,
    AUTHOR = {Vinogradov, A. M.},
     TITLE = {The {${\cal C}$}-spectral sequence, {L}agrangian formalism,
              and conservation laws. {II}. {T}he nonlinear theory},
   JOURNAL = {J. Math. Anal. Appl.},
  FJOURNAL = {Journal of Mathematical Analysis and Applications},
    VOLUME = {100},
      YEAR = {1984},
    NUMBER = {1},
     PAGES = {41--129},
      issn = {0022-247X},
   MRCLASS = {58G37 (35A30 58A17 58G35)},
  MRNUMBER = {739952},
MRREVIEWER = {J. Chrastina},
       DOI = {10.1016/0022-247X(84)90072-6},
       url = {https://doi.org/10.1016/0022-247X(84)90072-6},
}


@article {Wang20tme,
    AUTHOR = {Wang, Zhenyu and Ma, Qiang and Yao, Zhen and Ding, Xiaohua},
     TITLE = {The {M}agnus expansion for stochastic differential equations},
   JOURNAL = {J. Nonlinear Sci.},
  FJOURNAL = {Journal of Nonlinear Science},
    VOLUME = {30},
      YEAR = {2020},
    NUMBER = {1},
     PAGES = {419--447},
      issn = {0938-8974},
   MRCLASS = {60H10 (65C30)},
  MRNUMBER = {4054858},
MRREVIEWER = {Wei Mao},
       DOI = {10.1007/s00332-019-09578-9},
       url = {https://doi.org/10.1007/s00332-019-09578-9},
}


@article{Wang21pgd,
  title={Physics-guided deep learning for dynamical systems: {A} survey},
  author={Wang, Rui and Yu, Rose},
  journal={arXiv preprint arXiv:2107.01272},
  year={2021}
}


@book {Weyl39tcg,
    AUTHOR = {Weyl, Hermann},
     TITLE = {The {C}lassical {G}roups. {T}heir {I}nvariants and
              {R}epresentations},
 PUBLISHER = {Princeton University Press, Princeton, N.J.},
      YEAR = {1939},
     PAGES = {xii+302},
   MRCLASS = {20.0X},
  MRNUMBER = {0000255},
MRREVIEWER = {C. Chevalley},
}


@article{Wisdom96sc,
  title={Symplectic correctors},
  author={Wisdom, Jack and Holman, M and Touma, J},
  journal={Fields Institute Communications},
  volume={10},
  pages={217},
  year={1996}
}


@article {Xue13evp,
    AUTHOR = {Xue, Huiyan and Zanna, Antonella},
     TITLE = {Explicit volume-preserving splitting methods for polynomial
              divergence-free vector fields},
   JOURNAL = {BIT Numer. Math.},
  FJOURNAL = {BIT. Numerical Mathematics},
    VOLUME = {53},
      YEAR = {2013},
    NUMBER = {1},
     PAGES = {265--281},
      issn = {0006-3835},
   MRCLASS = {65P10 (37M15 65L06)},
  MRNUMBER = {3029303},
MRREVIEWER = {Mikhail V. Tretyakov},
       DOI = {10.1007/s10543-012-0394-0},
       url = {https://doi.org/10.1007/s10543-012-0394-0},
}


@article{Yin22ans,
  title={A New Stochastic Magnus Expansion For Linear Stochastic Differential Equations.},
  author={Yin, Pei and Wang, Xiaoling},
  journal={Engineering Letters},
  volume={30},
  number={4},
  year={2022}
}


@article {Zappa18mco,
    AUTHOR = {Zappa, Emilio and Holmes-Cerfon, Miranda and Goodman,
              Jonathan},
     TITLE = {Monte {C}arlo on manifolds: sampling densities and integrating
              functions},
   JOURNAL = {Comm. Pure Appl. Math.},
  FJOURNAL = {Communications on Pure and Applied Mathematics},
    VOLUME = {71},
      YEAR = {2018},
    NUMBER = {12},
     PAGES = {2609--2647},
      issn = {0010-3640},
   MRCLASS = {60J05 (58C35 60J22)},
  MRNUMBER = {3869037},
       DOI = {10.1002/cpa.21783},
       url = {https://doi.org/10.1002/cpa.21783},
}


@article {Zhang19eso,
    TITLE = {Ergodic {SDE}s on submanifolds and related numerical sampling schemes},
    AUTHOR = {Zhang, Wei},
    JOURNAL = {ESAIM Math. Model. Numer. Anal.},
  FJOURNAL = {ESAIM. Mathematical Modelling and Numerical Analysis},
      YEAR = {2019},
       DOI = {10.1051/m2an/2019071},
       url = {https://doi.org/10.1051/m2an/2019071},
}


@article {Zygalakis11ote,
    AUTHOR = {Zygalakis, K. C.},
     TITLE = {On the existence and the applications of modified equations
              for stochastic differential equations},
   JOURNAL = {SIAM J. Sci. Comput.},
  FJOURNAL = {SIAM Journal on Scientific Computing},
    VOLUME = {33},
      YEAR = {2011},
    NUMBER = {1},
     PAGES = {102--130},
      issn = {1064-8275},
   MRCLASS = {65C30 (60-08 60H35)},
  MRNUMBER = {2783188},
MRREVIEWER = {Thorsten Sickenberger},
       DOI = {10.1137/090762336},
       url = {http://dx.doi.org/10.1137/090762336},
}

